id,quoteId,productId,quantity,quotedPrice,productCondition,comment,createdAt,updatedAt
1,11,5533,1,3500.0,,,2022-01-03 20:38:35.5-05,2022-01-03 20:38:35.5-05
2,12,0,2,12.0,,,2022-01-03 20:38:35.5-05,2022-01-03 20:38:35.5-05
3,13,3481,1,2650.0,,,2022-01-03 20:38:35.5-05,2022-01-03 20:38:35.5-05
4,15,5513,1,900.0,,,2022-01-03 20:38:35.5-05,2022-01-03 20:38:35.5-05
5,16,5512,55,1550.0,,,2022-01-03 20:38:35.5-05,2022-01-03 20:38:35.5-05
6,17,0,8,105.0,,,2022-01-03 20:38:35.5-05,2022-01-03 20:38:35.5-05
7,18,1307,25,70.0,,,2022-01-03 20:38:35.5-05,2022-01-03 20:38:35.5-05
8,19,5565,4,975.0,,,2022-01-03 20:38:35.5-05,2022-01-03 20:38:35.5-05
9,22,5116,1,1700.0,,,2022-01-03 20:38:35.5-05,2022-01-03 20:38:35.5-05
10,23,5508,61,2100.0,,,2022-01-03 20:38:35.5-05,2022-01-03 20:38:35.5-05
11,26,5506,5,2150.0,,,2022-01-03 20:38:35.5-05,2022-01-03 20:38:35.5-05
12,27,0,1,50.0,,,2022-01-03 20:38:35.5-05,2022-01-03 20:38:35.5-05
13,28,0,1,100.0,,,2022-01-03 20:38:35.5-05,2022-01-03 20:38:35.5-05
14,29,5504,9,3100.0,,,2022-01-03 20:38:35.5-05,2022-01-03 20:38:35.5-05
15,30,5553,34,2375.0,,,2022-01-03 20:38:35.5-05,2022-01-03 20:38:35.5-05
16,31,3482,1,3900.0,,,2022-01-03 20:38:35.5-05,2022-01-03 20:38:35.5-05
17,32,1627,50,12.0,,,2022-01-03 20:38:35.5-05,2022-01-03 20:38:35.5-05
18,33,3643,2,2000.0,,,2022-01-03 20:38:35.5-05,2022-01-03 20:38:35.5-05
19,34,1307,33,75.0,,,2022-01-03 20:38:35.5-05,2022-01-03 20:38:35.5-05
20,35,0,2,121.0,,,2022-01-03 20:38:35.5-05,2022-01-03 20:38:35.5-05
21,36,3643,2,2500.0,,,2022-01-03 20:38:35.5-05,2022-01-03 20:38:35.5-05
22,37,5562,10,1700.0,,,2022-01-03 20:38:35.5-05,2022-01-03 20:38:35.5-05
23,38,0,2,1850.0,,,2022-01-03 20:38:35.5-05,2022-01-03 20:38:35.5-05
24,39,4115,5,2600.0,,,2022-01-03 20:38:35.5-05,2022-01-03 20:38:35.5-05
25,40,4023,3,4100.0,,,2022-01-03 20:38:35.5-05,2022-01-03 20:38:35.5-05
26,41,1776,52,700.0,,,2022-01-03 20:38:35.5-05,2022-01-03 20:38:35.5-05
27,42,2326,5,1500.0,,,2022-01-03 20:38:35.5-05,2022-01-03 20:38:35.5-05
28,43,5512,10,1600.0,,,2022-01-03 20:38:35.5-05,2022-01-03 20:38:35.5-05
29,44,3486,1,3500.0,,,2022-01-03 20:38:35.5-05,2022-01-03 20:38:35.5-05
30,45,3344,1,2100.0,,,2022-01-03 20:38:35.5-05,2022-01-03 20:38:35.5-05
31,47,2820,47,2750.0,,,2022-01-03 20:38:35.5-05,2022-01-03 20:38:35.5-05
32,48,2281,47,2850.0,,,2022-01-03 20:38:35.5-05,2022-01-03 20:38:35.5-05
33,49,1776,8,750.0,,,2022-01-03 20:38:35.5-05,2022-01-03 20:38:35.5-05
34,51,1551,6,90.0,,,2022-01-03 20:38:35.5-05,2022-01-03 20:38:35.5-05
35,52,1551,9,90.0,,,2022-01-03 20:38:35.5-05,2022-01-03 20:38:35.5-05
36,53,1509,1,90.0,,,2022-01-03 20:38:35.5-05,2022-01-03 20:38:35.5-05
37,54,3949,20,550.0,,,2022-01-03 20:38:35.5-05,2022-01-03 20:38:35.5-05
38,55,3846,1,425.0,,,2022-01-03 20:38:35.5-05,2022-01-03 20:38:35.5-05
39,56,0,46,100.0,,,2022-01-03 20:38:35.5-05,2022-01-03 20:38:35.5-05
40,57,5504,9,3200.0,,,2022-01-03 20:38:35.5-05,2022-01-03 20:38:35.5-05
41,58,5506,3,2300.0,,,2022-01-03 20:38:35.5-05,2022-01-03 20:38:35.5-05
42,59,25,23,125.0,,,2022-01-03 20:38:35.5-05,2022-01-03 20:38:35.5-05
43,60,2776,28,550.0,,,2022-01-03 20:38:35.5-05,2022-01-03 20:38:35.5-05
44,61,2587,238,375.0,,,2022-01-03 20:38:35.5-05,2022-01-03 20:38:35.5-05
45,62,5518,5,775.0,,,2022-01-03 20:38:35.5-05,2022-01-03 20:38:35.5-05
46,63,5523,2,400.0,,,2022-01-03 20:38:35.5-05,2022-01-03 20:38:35.5-05
47,65,5506,3,2300.0,,,2022-01-03 20:38:35.5-05,2022-01-03 20:38:35.5-05
48,66,5506,3,2300.0,,,2022-01-03 20:38:35.5-05,2022-01-03 20:38:35.5-05
49,67,5506,3,2300.0,,,2022-01-03 20:38:35.5-05,2022-01-03 20:38:35.5-05
50,68,2344,21,85.0,,,2022-01-03 20:38:35.5-05,2022-01-03 20:38:35.5-05
51,69,1776,8,750.0,,,2022-01-03 20:38:35.5-05,2022-01-03 20:38:35.5-05
52,70,5524,8,335.0,,,2022-01-03 20:38:35.5-05,2022-01-03 20:38:35.5-05
53,71,1307,33,70.0,,,2022-01-03 20:38:35.5-05,2022-01-03 20:38:35.5-05
54,72,5515,2,1350.0,,,2022-01-03 20:38:35.5-05,2022-01-03 20:38:35.5-05
55,73,1819,12,1150.0,,,2022-01-03 20:38:35.5-05,2022-01-03 20:38:35.5-05
56,74,1746,6,130.0,,,2022-01-03 20:38:35.5-05,2022-01-03 20:38:35.5-05
57,75,0,5,1025.0,,,2022-01-03 20:38:35.5-05,2022-01-03 20:38:35.5-05
58,76,1775,11,335.0,,,2022-01-03 20:38:35.5-05,2022-01-03 20:38:35.5-05
59,77,5522,12,1650.0,,,2022-01-03 20:38:35.5-05,2022-01-03 20:38:35.5-05
60,78,5518,5,775.0,,,2022-01-03 20:38:35.5-05,2022-01-03 20:38:35.5-05
61,80,955,25,20.0,,,2022-01-03 20:38:35.5-05,2022-01-03 20:38:35.5-05
62,81,1819,13,1150.0,,,2022-01-03 20:38:35.5-05,2022-01-03 20:38:35.5-05
63,82,1307,33,70.0,,,2022-01-03 20:38:35.5-05,2022-01-03 20:38:35.5-05
64,83,5524,8,335.0,,,2022-01-03 20:38:35.5-05,2022-01-03 20:38:35.5-05
65,84,5524,8,335.0,,,2022-01-03 20:38:35.5-05,2022-01-03 20:38:35.5-05
66,85,3765,1,135.0,,,2022-01-03 20:38:35.5-05,2022-01-03 20:38:35.5-05
67,86,5517,2,1900.0,,,2022-01-03 20:38:35.5-05,2022-01-03 20:38:35.5-05
68,87,0,5,1800.0,,,2022-01-03 20:38:35.5-05,2022-01-03 20:38:35.5-05
69,88,2587,238,375.0,,,2022-01-03 20:38:35.5-05,2022-01-03 20:38:35.5-05
70,89,1307,33,70.0,,,2022-01-03 20:38:35.5-05,2022-01-03 20:38:35.5-05
71,90,1247,65,90.0,,,2022-01-03 20:38:35.5-05,2022-01-03 20:38:35.5-05
72,91,1192,13,95.0,,,2022-01-03 20:38:35.5-05,2022-01-03 20:38:35.5-05
73,92,25,23,125.0,,,2022-01-03 20:38:35.5-05,2022-01-03 20:38:35.5-05
74,93,5508,61,2200.0,,,2022-01-03 20:38:35.5-05,2022-01-03 20:38:35.5-05
75,94,5523,2,400.0,,,2022-01-03 20:38:35.5-05,2022-01-03 20:38:35.5-05
76,95,5562,13,1775.0,,,2022-01-03 20:38:35.5-05,2022-01-03 20:38:35.5-05
77,96,5513,5,915.0,,,2022-01-03 20:38:35.5-05,2022-01-03 20:38:35.5-05
78,97,0,13,450.0,,,2022-01-03 20:38:35.5-05,2022-01-03 20:38:35.5-05
79,98,5522,12,1750.0,,,2022-01-03 20:38:35.5-05,2022-01-03 20:38:35.5-05
80,99,5520,2,975.0,,,2022-01-03 20:38:35.5-05,2022-01-03 20:38:35.5-05
81,100,2030,25,525.0,,,2022-01-03 20:38:35.5-05,2022-01-03 20:38:35.5-05
82,101,1307,33,70.0,,,2022-01-03 20:38:35.5-05,2022-01-03 20:38:35.5-05
83,102,0,12,1950.0,,,2022-01-03 20:38:35.5-05,2022-01-03 20:38:35.5-05
84,103,0,12,1950.0,,,2022-01-03 20:38:35.5-05,2022-01-03 20:38:35.5-05
85,104,1192,13,95.0,,,2022-01-03 20:38:35.5-05,2022-01-03 20:38:35.5-05
86,105,1192,13,95.0,,,2022-01-03 20:38:35.5-05,2022-01-03 20:38:35.5-05
87,106,3853,1,325.0,,,2022-01-03 20:38:35.5-05,2022-01-03 20:38:35.5-05
88,107,0,5,1900.0,,,2022-01-03 20:38:35.5-05,2022-01-03 20:38:35.5-05
89,108,5506,3,2300.0,,,2022-01-03 20:38:35.5-05,2022-01-03 20:38:35.5-05
90,109,1819,10,790.0,,,2022-01-03 20:38:35.5-05,2022-01-03 20:38:35.5-05
91,110,2102,246,120.0,,,2022-01-03 20:38:35.5-05,2022-01-03 20:38:35.5-05
92,111,5522,10,1500.0,,,2022-01-03 20:38:35.5-05,2022-01-03 20:38:35.5-05
93,112,0,12,1900.0,,,2022-01-03 20:38:35.5-05,2022-01-03 20:38:35.5-05
94,113,3070,3,900.0,,,2022-01-03 20:38:35.5-05,2022-01-03 20:38:35.5-05
95,114,5506,3,2150.0,,,2022-01-03 20:38:35.5-05,2022-01-03 20:38:35.5-05
96,115,2102,246,120.0,,,2022-01-03 20:38:35.5-05,2022-01-03 20:38:35.5-05
97,116,1249,16,110.0,,,2022-01-03 20:38:35.5-05,2022-01-03 20:38:35.5-05
98,117,3791,14,625.0,,,2022-01-03 20:38:35.5-05,2022-01-03 20:38:35.5-05
99,118,3783,17,100.0,,,2022-01-03 20:38:35.5-05,2022-01-03 20:38:35.5-05
100,119,0,12,1900.0,,,2022-01-03 20:38:35.5-05,2022-01-03 20:38:35.5-05
101,120,0,12,1900.0,,,2022-01-03 20:38:35.5-05,2022-01-03 20:38:35.5-05
102,121,1307,33,70.0,,,2022-01-03 20:38:35.5-05,2022-01-03 20:38:35.5-05
103,122,2636,22,575.0,,,2022-01-03 20:38:35.5-05,2022-01-03 20:38:35.5-05
104,123,5522,12,1500.0,,,2022-01-03 20:38:35.5-05,2022-01-03 20:38:35.5-05
105,124,1307,33,70.0,,,2022-01-03 20:38:35.5-05,2022-01-03 20:38:35.5-05
106,125,5524,8,335.0,,,2022-01-03 20:38:35.5-05,2022-01-03 20:38:35.5-05
107,126,1737,1,1100.0,,,2022-01-03 20:38:35.5-05,2022-01-03 20:38:35.5-05
108,127,5522,1,1525.0,,,2022-01-03 20:38:35.5-05,2022-01-03 20:38:35.5-05
109,128,5521,1,1200.0,,,2022-01-03 20:38:35.5-05,2022-01-03 20:38:35.5-05
110,129,1739,1,800.0,,,2022-01-03 20:38:35.5-05,2022-01-03 20:38:35.5-05
111,130,5565,2,1050.0,,,2022-01-03 20:38:35.5-05,2022-01-03 20:38:35.5-05
112,131,1307,33,70.0,,,2022-01-03 20:38:35.5-05,2022-01-03 20:38:35.5-05
113,132,5569,47,415.0,,,2022-01-03 20:38:35.5-05,2022-01-03 20:38:35.5-05
114,133,5522,12,1500.0,,,2022-01-03 20:38:35.5-05,2022-01-03 20:38:35.5-05
115,134,2992,6,2350.0,,,2022-01-03 20:38:35.5-05,2022-01-03 20:38:35.5-05
116,135,2208,12,600.0,,,2022-01-03 20:38:35.5-05,2022-01-03 20:38:35.5-05
117,136,1775,11,335.0,,,2022-01-03 20:38:35.5-05,2022-01-03 20:38:35.5-05
118,137,5569,47,415.0,,,2022-01-03 20:38:35.5-05,2022-01-03 20:38:35.5-05
119,138,2326,2,1950.0,,,2022-01-03 20:38:35.5-05,2022-01-03 20:38:35.5-05
120,139,5553,8,2400.0,,,2022-01-03 20:38:35.5-05,2022-01-03 20:38:35.5-05
121,140,1477,1,1200.0,,,2022-01-03 20:38:35.5-05,2022-01-03 20:38:35.5-05
122,141,3949,19,600.0,,,2022-01-03 20:38:35.5-05,2022-01-03 20:38:35.5-05
123,142,5492,4,195.0,,,2022-01-03 20:38:35.5-05,2022-01-03 20:38:35.5-05
124,143,1249,16,95.0,,,2022-01-03 20:38:35.5-05,2022-01-03 20:38:35.5-05
125,144,1551,9,110.0,,,2022-01-03 20:38:35.5-05,2022-01-03 20:38:35.5-05
126,145,5565,6,975.0,,,2022-01-03 20:38:35.5-05,2022-01-03 20:38:35.5-05
127,146,2208,5,750.0,,,2022-01-03 20:38:35.5-05,2022-01-03 20:38:35.5-05
128,147,3378,2,3950.0,,,2022-01-03 20:38:35.5-05,2022-01-03 20:38:35.5-05
129,148,5524,10,315.0,,,2022-01-03 20:38:35.5-05,2022-01-03 20:38:35.5-05
130,149,1833,100,590.0,,,2022-01-03 20:38:35.5-05,2022-01-03 20:38:35.5-05
131,150,1192,13,95.0,,,2022-01-03 20:38:35.5-05,2022-01-03 20:38:35.5-05
132,151,3191,22,160.0,,,2022-01-03 20:38:35.5-05,2022-01-03 20:38:35.5-05
133,152,2776,28,550.0,,,2022-01-03 20:38:35.5-05,2022-01-03 20:38:35.5-05
134,153,1976,80,2400.0,,,2022-01-03 20:38:35.5-05,2022-01-03 20:38:35.5-05
135,154,5562,16,1775.0,,,2022-01-03 20:38:35.5-05,2022-01-03 20:38:35.5-05
136,156,5475,2,850.0,,,2022-01-03 20:38:35.5-05,2022-01-03 20:38:35.5-05
137,157,1307,33,70.0,,,2022-01-03 20:38:35.5-05,2022-01-03 20:38:35.5-05
138,158,2275,2,1375.0,,,2022-01-03 20:38:35.5-05,2022-01-03 20:38:35.5-05
139,159,0,109,100.0,,,2022-01-03 20:38:35.5-05,2022-01-03 20:38:35.5-05
140,160,0,109,100.0,,,2022-01-03 20:38:35.5-05,2022-01-03 20:38:35.5-05
141,161,1466,20,450.0,,,2022-01-03 20:38:35.5-05,2022-01-03 20:38:35.5-05
142,162,1307,33,70.0,,,2022-01-03 20:38:35.5-05,2022-01-03 20:38:35.5-05
143,163,0,11,450.0,,,2022-01-03 20:38:35.5-05,2022-01-03 20:38:35.5-05
144,164,5522,12,1500.0,,,2022-01-03 20:38:35.5-05,2022-01-03 20:38:35.5-05
145,165,5515,2,1250.0,,,2022-01-03 20:38:35.5-05,2022-01-03 20:38:35.5-05
146,166,0,5,1025.0,,,2022-01-03 20:38:35.5-05,2022-01-03 20:38:35.5-05
147,167,1776,7,700.0,,,2022-01-03 20:38:35.5-05,2022-01-03 20:38:35.5-05
148,168,0,200,305.0,,,2022-01-03 20:38:35.5-05,2022-01-03 20:38:35.5-05
149,169,1247,65,90.0,,,2022-01-03 20:38:35.5-05,2022-01-03 20:38:35.5-05
150,170,3643,2,3000.0,,,2022-01-03 20:38:35.5-05,2022-01-03 20:38:35.5-05
151,171,4020,5,325.0,,,2022-01-03 20:38:35.5-05,2022-01-03 20:38:35.5-05
152,172,3503,2,1450.0,,,2022-01-03 20:38:35.5-05,2022-01-03 20:38:35.5-05
153,173,5550,12,1875.0,,,2022-01-03 20:38:35.5-05,2022-01-03 20:38:35.5-05
154,174,5504,1,3100.0,,,2022-01-03 20:38:35.5-05,2022-01-03 20:38:35.5-05
155,175,0,200,305.0,,,2022-01-03 20:38:35.5-05,2022-01-03 20:38:35.5-05
156,176,0,200,305.0,,,2022-01-03 20:38:35.5-05,2022-01-03 20:38:35.5-05
157,177,0,200,305.0,,,2022-01-03 20:38:35.5-05,2022-01-03 20:38:35.5-05
158,178,0,1,400.0,,,2022-01-03 20:38:35.5-05,2022-01-03 20:38:35.5-05
159,179,0,95,110.0,,,2022-01-03 20:38:35.5-05,2022-01-03 20:38:35.5-05
160,180,5153,1,2950.0,,,2022-01-03 20:38:35.5-05,2022-01-03 20:38:35.5-05
161,181,2765,3,500.0,,,2022-01-03 20:38:35.5-05,2022-01-03 20:38:35.5-05
162,182,0,1,2900.0,,,2022-01-03 20:38:35.5-05,2022-01-03 20:38:35.5-05
163,183,0,109,100.0,,,2022-01-03 20:38:35.5-05,2022-01-03 20:38:35.5-05
164,184,0,2,1550.0,,,2022-01-03 20:38:35.5-05,2022-01-03 20:38:35.5-05
165,185,1221,1,1100.0,,,2022-01-03 20:38:35.5-05,2022-01-03 20:38:35.5-05
166,186,5550,6,1825.0,,,2022-01-03 20:38:35.5-05,2022-01-03 20:38:35.5-05
167,187,5515,3,1250.0,,,2022-01-03 20:38:35.5-05,2022-01-03 20:38:35.5-05
168,188,2930,1,5400.0,,,2022-01-03 20:38:35.5-05,2022-01-03 20:38:35.5-05
169,189,2635,102,390.0,,,2022-01-03 20:38:35.5-05,2022-01-03 20:38:35.5-05
170,190,1794,8,585.0,,,2022-01-03 20:38:35.5-05,2022-01-03 20:38:35.5-05
171,191,1307,33,70.0,,,2022-01-03 20:38:35.5-05,2022-01-03 20:38:35.5-05
172,192,5515,3,1250.0,,,2022-01-03 20:38:35.5-05,2022-01-03 20:38:35.5-05
173,193,3826,5,1600.0,,,2022-01-03 20:38:35.5-05,2022-01-03 20:38:35.5-05
174,194,5514,2,1000.0,,,2022-01-03 20:38:35.5-05,2022-01-03 20:38:35.5-05
175,195,5550,14,1750.0,,,2022-01-03 20:38:35.5-05,2022-01-03 20:38:35.5-05
176,196,2636,40,600.0,,,2022-01-03 20:38:35.5-05,2022-01-03 20:38:35.5-05
177,197,2636,40,600.0,,,2022-01-03 20:38:35.5-05,2022-01-03 20:38:35.5-05
178,198,3783,17,100.0,,,2022-01-03 20:38:35.5-05,2022-01-03 20:38:35.5-05
179,199,5513,3,915.0,,,2022-01-03 20:38:35.5-05,2022-01-03 20:38:35.5-05
180,200,1477,1,1300.0,,,2022-01-03 20:38:35.5-05,2022-01-03 20:38:35.5-05
181,201,5522,1,1568.0,,,2022-01-03 20:38:35.5-05,2022-01-03 20:38:35.5-05
182,202,4023,1,4600.0,,,2022-01-03 20:38:35.5-05,2022-01-03 20:38:35.5-05
183,203,1776,7,700.0,,,2022-01-03 20:38:35.5-05,2022-01-03 20:38:35.5-05
184,204,0,200,305.0,,,2022-01-03 20:38:35.5-05,2022-01-03 20:38:35.5-05
185,205,5515,3,1250.0,,,2022-01-03 20:38:35.5-05,2022-01-03 20:38:35.5-05
186,206,25,23,125.0,,,2022-01-03 20:38:35.5-05,2022-01-03 20:38:35.5-05
187,207,1970,4,1150.0,,,2022-01-03 20:38:35.5-05,2022-01-03 20:38:35.5-05
188,208,1466,20,450.0,,,2022-01-03 20:38:35.5-05,2022-01-03 20:38:35.5-05
189,213,3643,1,3000.0,,same product request to her EU in Brazil. Looks like they can't find it cheaper.,2022-01-03 20:38:35.5-05,2022-01-03 20:38:35.5-05
190,214,0,110,305.0,,,2022-01-03 20:38:35.5-05,2022-01-03 20:38:35.5-05
191,215,2776,24,350.0,,,2022-01-03 20:38:35.5-05,2022-01-03 20:38:35.5-05
192,216,1819,8,250.0,,,2022-01-03 20:38:35.5-05,2022-01-03 20:38:35.5-05
193,217,2847,70,95.0,,,2022-01-03 20:38:35.5-05,2022-01-03 20:38:35.5-05
194,218,1323,10,300.0,,650 renew and 950 new,2022-01-03 20:38:35.5-05,2022-01-03 20:38:35.5-05
195,219,5477,13,350.0,,wanted 20,2022-01-03 20:38:35.5-05,2022-01-03 20:38:35.5-05
196,220,2293,2,1800.0,,,2022-01-03 20:38:35.5-05,2022-01-03 20:38:35.5-05
197,221,1737,8,1000.0,,,2022-01-03 20:38:35.5-05,2022-01-03 20:38:35.5-05
198,222,0,50,8.0,,,2022-01-03 20:38:35.5-05,2022-01-03 20:38:35.5-05
199,223,1898,2,1500.0,,,2022-01-03 20:38:35.5-05,2022-01-03 20:38:35.5-05
200,224,1307,32,70.0,,,2022-01-03 20:38:35.5-05,2022-01-03 20:38:35.5-05
201,225,0,40,200.0,,,2022-01-03 20:38:35.5-05,2022-01-03 20:38:35.5-05
202,226,5488,2,375.0,,,2022-01-03 20:38:35.5-05,2022-01-03 20:38:35.5-05
203,227,0,100,305.0,,,2022-01-03 20:38:35.5-05,2022-01-03 20:38:35.5-05
204,228,5518,8,675.0,,,2022-01-03 20:38:35.5-05,2022-01-03 20:38:35.5-05
205,229,2326,16,1250.0,,,2022-01-03 20:38:35.5-05,2022-01-03 20:38:35.5-05
206,230,1833,20,700.0,,,2022-01-03 20:38:35.5-05,2022-01-03 20:38:35.5-05
207,231,1775,15,0.0,,,2022-01-03 20:38:35.5-05,2022-01-03 20:38:35.5-05
208,232,1775,15,0.0,,,2022-01-03 20:38:35.5-05,2022-01-03 20:38:35.5-05
209,233,1307,32,70.0,,,2022-01-03 20:38:35.5-05,2022-01-03 20:38:35.5-05
210,234,5569,47,415.0,,,2022-01-03 20:38:35.5-05,2022-01-03 20:38:35.5-05
211,235,0,100,305.0,,,2022-01-03 20:38:35.5-05,2022-01-03 20:38:35.5-05
212,236,2107,1,250.0,,,2022-01-03 20:38:35.5-05,2022-01-03 20:38:35.5-05
213,237,892,4,20.0,,,2022-01-03 20:38:35.5-05,2022-01-03 20:38:35.5-05
214,238,3344,1,1500.0,,,2022-01-03 20:38:35.5-05,2022-01-03 20:38:35.5-05
215,239,1737,3,1018.0,,,2022-01-03 20:38:35.5-05,2022-01-03 20:38:35.5-05
216,240,5515,3,1250.0,,,2022-01-03 20:38:35.5-05,2022-01-03 20:38:35.5-05
217,241,5504,3,3100.0,,,2022-01-03 20:38:35.5-05,2022-01-03 20:38:35.5-05
218,242,2115,75,335.0,,,2022-01-03 20:38:35.5-05,2022-01-03 20:38:35.5-05
219,243,2847,70,110.0,,,2022-01-03 20:38:35.5-05,2022-01-03 20:38:35.5-05
220,244,13,3,900.0,,,2022-01-03 20:38:35.5-05,2022-01-03 20:38:35.5-05
221,245,5520,2,950.0,,,2022-01-03 20:38:35.5-05,2022-01-03 20:38:35.5-05
222,246,0,100,305.0,,,2022-01-03 20:38:35.5-05,2022-01-03 20:38:35.5-05
223,247,5504,4,3100.0,,,2022-01-03 20:38:35.5-05,2022-01-03 20:38:35.5-05
224,248,1866,1,600.0,,,2022-01-03 20:38:35.5-05,2022-01-03 20:38:35.5-05
225,249,5144,4,6000.0,,,2022-01-03 20:38:35.5-05,2022-01-03 20:38:35.5-05
226,250,857,1,65.0,,,2022-01-03 20:38:35.5-05,2022-01-03 20:38:35.5-05
227,251,936,4,90.0,,,2022-01-03 20:38:35.5-05,2022-01-03 20:38:35.5-05
228,252,5514,13,1000.0,,,2022-01-03 20:38:35.5-05,2022-01-03 20:38:35.5-05
229,253,1833,20,700.0,,,2022-01-03 20:38:35.5-05,2022-01-03 20:38:35.5-05
230,254,0,3,200.0,,,2022-01-03 20:38:35.5-05,2022-01-03 20:38:35.5-05
231,255,1775,11,335.0,,,2022-01-03 20:38:35.5-05,2022-01-03 20:38:35.5-05
232,256,0,91,15.0,,,2022-01-03 20:38:35.5-05,2022-01-03 20:38:35.5-05
233,257,25,23,125.0,,,2022-01-03 20:38:35.5-05,2022-01-03 20:38:35.5-05
234,258,5521,1,1200.0,,,2022-01-03 20:38:35.5-05,2022-01-03 20:38:35.5-05
235,259,3191,22,160.0,,,2022-01-03 20:38:35.5-05,2022-01-03 20:38:35.5-05
236,260,601,2,75.0,,,2022-01-03 20:38:35.5-05,2022-01-03 20:38:35.5-05
237,261,0,100,305.0,,,2022-01-03 20:38:35.5-05,2022-01-03 20:38:35.5-05
238,262,5565,2,1040.0,,Sold for 1025.00,2022-01-03 20:38:35.5-05,2022-01-03 20:38:35.5-05
239,263,5517,2,1900.0,,,2022-01-03 20:38:35.5-05,2022-01-03 20:38:35.5-05
240,264,5507,6,2800.0,,,2022-01-03 20:38:35.5-05,2022-01-03 20:38:35.5-05
241,265,5507,6,2800.0,,,2022-01-03 20:38:35.5-05,2022-01-03 20:38:35.5-05
242,266,5514,13,1000.0,,,2022-01-03 20:38:35.5-05,2022-01-03 20:38:35.5-05
243,267,1466,10,450.0,,,2022-01-03 20:38:35.5-05,2022-01-03 20:38:35.5-05
244,268,0,100,305.0,,,2022-01-03 20:38:35.5-05,2022-01-03 20:38:35.5-05
245,269,1833,20,700.0,,,2022-01-03 20:38:35.5-05,2022-01-03 20:38:35.5-05
246,270,1898,1,1850.0,,,2022-01-03 20:38:35.5-05,2022-01-03 20:38:35.5-05
247,271,1996,1,10.0,,,2022-01-03 20:38:35.5-05,2022-01-03 20:38:35.5-05
248,272,1776,7,700.0,,,2022-01-03 20:38:35.5-05,2022-01-03 20:38:35.5-05
249,273,3949,7,550.0,,,2022-01-03 20:38:35.5-05,2022-01-03 20:38:35.5-05
250,274,3830,16,450.0,,,2022-01-03 20:38:35.5-05,2022-01-03 20:38:35.5-05
251,275,0,100,305.0,,,2022-01-03 20:38:35.5-05,2022-01-03 20:38:35.5-05
252,276,0,100,305.0,,,2022-01-03 20:38:35.5-05,2022-01-03 20:38:35.5-05
253,277,3643,1,2200.0,,,2022-01-03 20:38:35.5-05,2022-01-03 20:38:35.5-05
254,278,0,100,305.0,,,2022-01-03 20:38:35.5-05,2022-01-03 20:38:35.5-05
255,279,0,100,305.0,,,2022-01-03 20:38:35.5-05,2022-01-03 20:38:35.5-05
256,280,1833,20,700.0,,,2022-01-03 20:38:35.5-05,2022-01-03 20:38:35.5-05
257,281,1833,20,700.0,,,2022-01-03 20:38:35.5-05,2022-01-03 20:38:35.5-05
258,282,0,16,2895.0,,,2022-01-03 20:38:35.5-05,2022-01-03 20:38:35.5-05
259,283,2266,2,550.0,,,2022-01-03 20:38:35.5-05,2022-01-03 20:38:35.5-05
260,284,2326,1,1250.0,,,2022-01-03 20:38:35.5-05,2022-01-03 20:38:35.5-05
261,285,2124,10,135.0,,,2022-01-03 20:38:35.5-05,2022-01-03 20:38:35.5-05
262,286,2608,1,500.0,,,2022-01-03 20:38:35.5-05,2022-01-03 20:38:35.5-05
263,287,0,17,1900.0,,,2022-01-03 20:38:35.5-05,2022-01-03 20:38:35.5-05
264,288,5518,8,675.0,,,2022-01-03 20:38:35.5-05,2022-01-03 20:38:35.5-05
265,289,1996,1,10.0,,,2022-01-03 20:38:35.5-05,2022-01-03 20:38:35.5-05
266,290,0,16,305.0,,,2022-01-03 20:38:35.5-05,2022-01-03 20:38:35.5-05
267,291,1833,20,700.0,,,2022-01-03 20:38:35.5-05,2022-01-03 20:38:35.5-05
268,292,1833,20,70.0,,,2022-01-03 20:38:35.5-05,2022-01-03 20:38:35.5-05
269,293,5577,2,1775.0,,,2022-01-03 20:38:35.5-05,2022-01-03 20:38:35.5-05
270,294,0,2,310.0,,,2022-01-03 20:38:35.5-05,2022-01-03 20:38:35.5-05
271,295,3141,6,250.0,,,2022-01-03 20:38:35.5-05,2022-01-03 20:38:35.5-05
272,296,1757,4,415.0,,,2022-01-03 20:38:35.5-05,2022-01-03 20:38:35.5-05
273,297,2124,75,145.0,,,2022-01-03 20:38:35.5-05,2022-01-03 20:38:35.5-05
274,298,2326,61,1250.0,,,2022-01-03 20:38:35.5-05,2022-01-03 20:38:35.5-05
275,299,1192,13,95.0,,,2022-01-03 20:38:35.5-05,2022-01-03 20:38:35.5-05
276,300,5519,1,300.0,,,2022-01-03 20:38:35.5-05,2022-01-03 20:38:35.5-05
277,301,5515,3,1250.0,,,2022-01-03 20:38:35.5-05,2022-01-03 20:38:35.5-05
278,302,1478,5,900.0,,,2022-01-03 20:38:35.5-05,2022-01-03 20:38:35.5-05
279,303,5552,2,1850.0,,,2022-01-03 20:38:35.5-05,2022-01-03 20:38:35.5-05
280,304,0,75,305.0,,,2022-01-03 20:38:35.5-05,2022-01-03 20:38:35.5-05
281,305,5569,20,415.0,,,2022-01-03 20:38:35.5-05,2022-01-03 20:38:35.5-05
282,306,1776,7,700.0,,,2022-01-03 20:38:35.5-05,2022-01-03 20:38:35.5-05
283,307,1509,3,95.0,,,2022-01-03 20:38:35.5-05,2022-01-03 20:38:35.5-05
284,308,0,50,305.0,,,2022-01-03 20:38:35.5-05,2022-01-03 20:38:35.5-05
285,309,1904,63,2150.0,,,2022-01-03 20:38:35.5-05,2022-01-03 20:38:35.5-05
286,310,5508,63,2150.0,,,2022-01-03 20:38:35.5-05,2022-01-03 20:38:35.5-05
287,311,5562,10,1525.0,,,2022-01-03 20:38:35.5-05,2022-01-03 20:38:35.5-05
288,312,1833,20,590.0,,,2022-01-03 20:38:35.5-05,2022-01-03 20:38:35.5-05
289,313,5553,50,2300.0,,,2022-01-03 20:38:35.5-05,2022-01-03 20:38:35.5-05
290,314,5577,2,1775.0,,,2022-01-03 20:38:35.5-05,2022-01-03 20:38:35.5-05
291,315,0,2,2800.0,,,2022-01-03 20:38:35.5-05,2022-01-03 20:38:35.5-05
292,316,3503,1,750.0,,ETI Orders asking - this isn't for stock.,2022-01-03 20:38:35.5-05,2022-01-03 20:38:35.5-05
293,317,0,4,2950.0,,This is a quote for Greg,2022-01-03 20:38:35.5-05,2022-01-03 20:38:35.5-05
294,318,1776,5,675.0,,,2022-01-03 20:38:35.5-05,2022-01-03 20:38:35.5-05
295,319,1776,5,675.0,,sold at 665,2022-01-03 20:38:35.5-05,2022-01-03 20:38:35.5-05
296,320,5539,2,3450.0,,,2022-01-03 20:38:35.5-05,2022-01-03 20:38:35.5-05
297,321,5508,61,2150.0,,,2022-01-03 20:38:35.5-05,2022-01-03 20:38:35.5-05
298,322,0,91,15.0,,,2022-01-03 20:38:35.5-05,2022-01-03 20:38:35.5-05
299,323,0,50,305.0,,,2022-01-03 20:38:35.5-05,2022-01-03 20:38:35.5-05
300,324,2017,10,135.0,,,2022-01-03 20:38:35.5-05,2022-01-03 20:38:35.5-05
301,325,0,50,305.0,,,2022-01-03 20:38:35.5-05,2022-01-03 20:38:35.5-05
302,326,5517,2,1900.0,,,2022-01-03 20:38:35.5-05,2022-01-03 20:38:35.5-05
303,327,0,1158,13.0,,,2022-01-03 20:38:35.5-05,2022-01-03 20:38:35.5-05
304,328,2124,25,145.0,,,2022-01-03 20:38:35.5-05,2022-01-03 20:38:35.5-05
305,329,2124,25,145.0,,,2022-01-03 20:38:35.5-05,2022-01-03 20:38:35.5-05
306,330,0,50,305.0,,,2022-01-03 20:38:35.5-05,2022-01-03 20:38:35.5-05
307,331,0,50,305.0,,,2022-01-03 20:38:35.5-05,2022-01-03 20:38:35.5-05
308,332,5565,1,1040.0,,,2022-01-03 20:38:35.5-05,2022-01-03 20:38:35.5-05
309,333,0,50,305.0,,,2022-01-03 20:38:35.5-05,2022-01-03 20:38:35.5-05
310,334,1334,64,265.0,,DIMMs came in from Server Nexus 6/21/2019,2022-01-03 20:38:35.5-05,2022-01-03 20:38:35.5-05
311,335,0,1,45.0,,,2022-01-03 20:38:35.5-05,2022-01-03 20:38:35.5-05
312,336,701,6,25.0,,2 came in from Unix Surplus 6/21/2019,2022-01-03 20:38:35.5-05,2022-01-03 20:38:35.5-05
313,337,0,50,305.0,,,2022-01-03 20:38:35.5-05,2022-01-03 20:38:35.5-05
314,338,5504,4,3100.0,,,2022-01-03 20:38:35.5-05,2022-01-03 20:38:35.5-05
315,339,0,1158,13.0,,,2022-01-03 20:38:35.5-05,2022-01-03 20:38:35.5-05
316,340,3777,2,60.0,,Sold For 50.00 ea.,2022-01-03 20:38:35.5-05,2022-01-03 20:38:35.5-05
317,341,1439,50,25.0,,25.00 ea. Not Landed | 30.00 ea. Landed,2022-01-03 20:38:35.5-05,2022-01-03 20:38:35.5-05
318,342,5577,8,1950.0,,,2022-01-03 20:38:35.5-05,2022-01-03 20:38:35.5-05
319,343,5567,1,1450.0,,,2022-01-03 20:38:35.5-05,2022-01-03 20:38:35.5-05
320,344,5550,15,1850.0,,,2022-01-03 20:38:35.5-05,2022-01-03 20:38:35.5-05
321,345,0,50,305.0,,,2022-01-03 20:38:35.5-05,2022-01-03 20:38:35.5-05
322,346,5513,3,915.0,,,2022-01-03 20:38:35.5-05,2022-01-03 20:38:35.5-05
323,347,1775,15,320.0,,,2022-01-03 20:38:35.5-05,2022-01-03 20:38:35.5-05
324,348,5489,7,190.0,,,2022-01-03 20:38:35.5-05,2022-01-03 20:38:35.5-05
325,349,5480,7,175.0,,Sold for 160.00,2022-01-03 20:38:35.5-05,2022-01-03 20:38:35.5-05
326,350,5513,2,915.0,,Sold For 810.00,2022-01-03 20:38:35.5-05,2022-01-03 20:38:35.5-05
327,351,5518,1,675.0,,Sold For 700.00,2022-01-03 20:38:35.5-05,2022-01-03 20:38:35.5-05
328,352,5511,2,150.0,,Sold For 150.00,2022-01-03 20:38:35.5-05,2022-01-03 20:38:35.5-05
329,353,5562,1,1775.0,,,2022-01-03 20:38:35.5-05,2022-01-03 20:38:35.5-05
330,354,0,50,305.0,,,2022-01-03 20:38:35.5-05,2022-01-03 20:38:35.5-05
331,355,0,50,305.0,,,2022-01-03 20:38:35.5-05,2022-01-03 20:38:35.5-05
332,356,5520,3,1000.0,,Offered to add him to CPU list,2022-01-03 20:38:35.5-05,2022-01-03 20:38:35.5-05
333,357,0,17,65.0,,Sam said he'd write these down,2022-01-03 20:38:35.5-05,2022-01-03 20:38:35.5-05
334,358,3791,5,550.0,,,2022-01-03 20:38:35.5-05,2022-01-03 20:38:35.5-05
335,359,3482,1,3400.0,,$3400 NEW / $2900 USED,2022-01-03 20:38:35.5-05,2022-01-03 20:38:35.5-05
336,360,0,1,3500.0,,,2022-01-03 20:38:35.5-05,2022-01-03 20:38:35.5-05
337,361,5556,2,1425.0,,Told him due in Mon Jul 1,2022-01-03 20:38:35.5-05,2022-01-03 20:38:35.5-05
338,362,1370,2,550.0,,	,2022-01-03 20:38:35.5-05,2022-01-03 20:38:35.5-05
339,363,2124,25,145.0,,,2022-01-03 20:38:35.5-05,2022-01-03 20:38:35.5-05
340,364,5569,16,415.0,,,2022-01-03 20:38:35.5-05,2022-01-03 20:38:35.5-05
341,365,3827,2,1750.0,,,2022-01-03 20:38:35.5-05,2022-01-03 20:38:35.5-05
342,366,5520,3,950.0,,,2022-01-03 20:38:35.5-05,2022-01-03 20:38:35.5-05
343,367,5524,8,325.0,,,2022-01-03 20:38:35.5-05,2022-01-03 20:38:35.5-05
344,368,5513,1,915.0,,,2022-01-03 20:38:35.5-05,2022-01-03 20:38:35.5-05
345,369,0,50,305.0,,,2022-01-03 20:38:35.5-05,2022-01-03 20:38:35.5-05
346,370,5480,4,165.0,,,2022-01-03 20:38:35.5-05,2022-01-03 20:38:35.5-05
347,371,5569,47,415.0,,,2022-01-03 20:38:35.5-05,2022-01-03 20:38:35.5-05
348,372,5518,7,700.0,,,2022-01-03 20:38:35.5-05,2022-01-03 20:38:35.5-05
349,373,1940,2,2325.0,,*landed pricing ,2022-01-03 20:38:35.5-05,2022-01-03 20:38:35.5-05
350,374,2812,6,1985.0,,,2022-01-03 20:38:35.5-05,2022-01-03 20:38:35.5-05
351,375,2562,2,3900.0,,,2022-01-03 20:38:35.5-05,2022-01-03 20:38:35.5-05
352,376,2115,75,335.0,,,2022-01-03 20:38:35.5-05,2022-01-03 20:38:35.5-05
353,377,0,50,305.0,,,2022-01-03 20:38:35.5-05,2022-01-03 20:38:35.5-05
354,378,5514,13,1000.0,,,2022-01-03 20:38:35.5-05,2022-01-03 20:38:35.5-05
355,379,2776,13,375.0,,,2022-01-03 20:38:35.5-05,2022-01-03 20:38:35.5-05
356,380,2326,61,1250.0,,,2022-01-03 20:38:35.5-05,2022-01-03 20:38:35.5-05
357,381,2124,35,145.0,,,2022-01-03 20:38:35.5-05,2022-01-03 20:38:35.5-05
358,382,3853,1,325.0,,,2022-01-03 20:38:35.5-05,2022-01-03 20:38:35.5-05
359,383,3949,4,550.0,,,2022-01-03 20:38:35.5-05,2022-01-03 20:38:35.5-05
360,384,3830,15,450.0,,,2022-01-03 20:38:35.5-05,2022-01-03 20:38:35.5-05
361,385,2124,35,145.0,,,2022-01-03 20:38:35.5-05,2022-01-03 20:38:35.5-05
362,386,1466,10,450.0,,,2022-01-03 20:38:35.5-05,2022-01-03 20:38:35.5-05
363,387,1334,25,265.0,,,2022-01-03 20:38:35.5-05,2022-01-03 20:38:35.5-05
364,388,5518,7,700.0,,,2022-01-03 20:38:35.5-05,2022-01-03 20:38:35.5-05
365,389,0,1,1850.0,,,2022-01-03 20:38:35.5-05,2022-01-03 20:38:35.5-05
366,390,880,1,35.0,,,2022-01-03 20:38:35.5-05,2022-01-03 20:38:35.5-05
367,391,5480,4,165.0,,,2022-01-03 20:38:35.5-05,2022-01-03 20:38:35.5-05
368,392,5480,4,165.0,,,2022-01-03 20:38:35.5-05,2022-01-03 20:38:35.5-05
369,393,5513,1,915.0,,,2022-01-03 20:38:35.5-05,2022-01-03 20:38:35.5-05
370,394,5476,30,325.0,,,2022-01-03 20:38:35.5-05,2022-01-03 20:38:35.5-05
371,395,3949,4,550.0,,,2022-01-03 20:38:35.5-05,2022-01-03 20:38:35.5-05
372,396,5524,20,325.0,,,2022-01-03 20:38:35.5-05,2022-01-03 20:38:35.5-05
373,397,5577,8,1775.0,,,2022-01-03 20:38:35.5-05,2022-01-03 20:38:35.5-05
374,398,5514,13,1000.0,,,2022-01-03 20:38:35.5-05,2022-01-03 20:38:35.5-05
375,399,2636,40,600.0,,,2022-01-03 20:38:35.5-05,2022-01-03 20:38:35.5-05
376,400,2265,35,550.0,,,2022-01-03 20:38:35.5-05,2022-01-03 20:38:35.5-05
377,401,2124,35,145.0,,,2022-01-03 20:38:35.5-05,2022-01-03 20:38:35.5-05
378,402,1334,25,225.0,,,2022-01-03 20:38:35.5-05,2022-01-03 20:38:35.5-05
379,403,1775,15,320.0,,,2022-01-03 20:38:35.5-05,2022-01-03 20:38:35.5-05
380,404,1334,25,265.0,,,2022-01-03 20:38:35.5-05,2022-01-03 20:38:35.5-05
381,405,1334,25,265.0,,,2022-01-03 20:38:35.5-05,2022-01-03 20:38:35.5-05
382,406,1214,18,30.0,,,2022-01-03 20:38:35.5-05,2022-01-03 20:38:35.5-05
383,407,5577,8,1775.0,,,2022-01-03 20:38:35.5-05,2022-01-03 20:38:35.5-05
384,408,5524,20,325.0,,,2022-01-03 20:38:35.5-05,2022-01-03 20:38:35.5-05
385,409,5506,3,2150.0,,,2022-01-03 20:38:35.5-05,2022-01-03 20:38:35.5-05
386,410,5475,6,1050.0,,,2022-01-03 20:38:35.5-05,2022-01-03 20:38:35.5-05
387,411,5480,4,165.0,,,2022-01-03 20:38:35.5-05,2022-01-03 20:38:35.5-05
388,412,5562,14,1525.0,,,2022-01-03 20:38:35.5-05,2022-01-03 20:38:35.5-05
389,413,5518,7,700.0,,,2022-01-03 20:38:35.5-05,2022-01-03 20:38:35.5-05
390,414,0,50,305.0,,,2022-01-03 20:38:35.5-05,2022-01-03 20:38:35.5-05
391,415,0,17,1850.0,,,2022-01-03 20:38:35.5-05,2022-01-03 20:38:35.5-05
392,416,5550,15,1825.0,,,2022-01-03 20:38:35.5-05,2022-01-03 20:38:35.5-05
393,417,5515,3,1250.0,,,2022-01-03 20:38:35.5-05,2022-01-03 20:38:35.5-05
394,418,5504,5,3100.0,,Quote at 3250.00,2022-01-03 20:38:35.5-05,2022-01-03 20:38:35.5-05
395,419,1940,5,2325.0,,,2022-01-03 20:38:35.5-05,2022-01-03 20:38:35.5-05
396,420,2261,2,425.0,,,2022-01-03 20:38:35.5-05,2022-01-03 20:38:35.5-05
397,421,5165,1,3050.0,,,2022-01-03 20:38:35.5-05,2022-01-03 20:38:35.5-05
398,422,5577,8,1775.0,,,2022-01-03 20:38:35.5-05,2022-01-03 20:38:35.5-05
399,423,5520,3,1000.0,,,2022-01-03 20:38:35.5-05,2022-01-03 20:38:35.5-05
400,424,5513,1,915.0,,,2022-01-03 20:38:35.5-05,2022-01-03 20:38:35.5-05
401,425,5504,5,3250.0,,,2022-01-03 20:38:35.5-05,2022-01-03 20:38:35.5-05
402,426,0,1,2900.0,,,2022-01-03 20:38:35.5-05,2022-01-03 20:38:35.5-05
403,427,2124,35,145.0,,,2022-01-03 20:38:35.5-05,2022-01-03 20:38:35.5-05
404,428,0,50,305.0,,,2022-01-03 20:38:35.5-05,2022-01-03 20:38:35.5-05
405,429,0,50,305.0,,,2022-01-03 20:38:35.5-05,2022-01-03 20:38:35.5-05
406,430,1334,25,225.0,,,2022-01-03 20:38:35.5-05,2022-01-03 20:38:35.5-05
407,431,1317,19,150.0,,,2022-01-03 20:38:35.5-05,2022-01-03 20:38:35.5-05
408,432,5553,2,2375.0,,,2022-01-03 20:38:35.5-05,2022-01-03 20:38:35.5-05
409,433,5522,1,1550.0,,,2022-01-03 20:38:35.5-05,2022-01-03 20:38:35.5-05
410,434,2326,61,1250.0,,,2022-01-03 20:38:35.5-05,2022-01-03 20:38:35.5-05
411,435,0,33,85.0,,,2022-01-03 20:38:35.5-05,2022-01-03 20:38:35.5-05
412,436,5522,1,1550.0,,,2022-01-03 20:38:35.5-05,2022-01-03 20:38:35.5-05
413,437,5567,1,1450.0,,,2022-01-03 20:38:35.5-05,2022-01-03 20:38:35.5-05
414,438,5513,1,915.0,,,2022-01-03 20:38:35.5-05,2022-01-03 20:38:35.5-05
415,439,5513,1,915.0,,,2022-01-03 20:38:35.5-05,2022-01-03 20:38:35.5-05
416,440,5480,12,175.0,,,2022-01-03 20:38:35.5-05,2022-01-03 20:38:35.5-05
417,441,5550,4,1850.0,,,2022-01-03 20:38:35.5-05,2022-01-03 20:38:35.5-05
418,442,5504,5,3125.0,,,2022-01-03 20:38:35.5-05,2022-01-03 20:38:35.5-05
419,443,5504,5,3250.0,,,2022-01-03 20:38:35.5-05,2022-01-03 20:38:35.5-05
420,444,5577,8,1775.0,,,2022-01-03 20:38:35.5-05,2022-01-03 20:38:35.5-05
421,445,5562,14,1525.0,,,2022-01-03 20:38:35.5-05,2022-01-03 20:38:35.5-05
422,446,2124,35,145.0,,,2022-01-03 20:38:35.5-05,2022-01-03 20:38:35.5-05
423,447,2636,8,615.0,,,2022-01-03 20:38:35.5-05,2022-01-03 20:38:35.5-05
424,448,5553,2,2375.0,,,2022-01-03 20:38:35.5-05,2022-01-03 20:38:35.5-05
425,449,5488,2,245.0,,,2022-01-03 20:38:35.5-05,2022-01-03 20:38:35.5-05
426,450,5524,10,325.0,,,2022-01-03 20:38:35.5-05,2022-01-03 20:38:35.5-05
427,451,1894,1,1025.0,,,2022-01-03 20:38:35.5-05,2022-01-03 20:38:35.5-05
428,452,5524,36,325.0,,,2022-01-03 20:38:35.5-05,2022-01-03 20:38:35.5-05
429,453,5520,3,1000.0,,,2022-01-03 20:38:35.5-05,2022-01-03 20:38:35.5-05
430,454,5520,3,1000.0,,,2022-01-03 20:38:35.5-05,2022-01-03 20:38:35.5-05
431,455,5518,7,700.0,,,2022-01-03 20:38:35.5-05,2022-01-03 20:38:35.5-05
432,456,1577,2,10.0,,,2022-01-03 20:38:35.5-05,2022-01-03 20:38:35.5-05
433,457,3949,4,625.0,,,2022-01-03 20:38:35.5-05,2022-01-03 20:38:35.5-05
434,458,2587,4,325.0,,,2022-01-03 20:38:35.5-05,2022-01-03 20:38:35.5-05
435,459,0,4,4200.0,,,2022-01-03 20:38:35.5-05,2022-01-03 20:38:35.5-05
436,460,2787,1,950.0,,,2022-01-03 20:38:35.5-05,2022-01-03 20:38:35.5-05
437,461,2326,61,1250.0,,,2022-01-03 20:38:35.5-05,2022-01-03 20:38:35.5-05
438,462,1866,1,600.0,,,2022-01-03 20:38:35.5-05,2022-01-03 20:38:35.5-05
439,463,3949,4,625.0,,,2022-01-03 20:38:35.5-05,2022-01-03 20:38:35.5-05
440,464,5550,20,1925.0,,,2022-01-03 20:38:35.5-05,2022-01-03 20:38:35.5-05
441,465,5504,1,3250.0,,,2022-01-03 20:38:35.5-05,2022-01-03 20:38:35.5-05
442,466,5569,47,415.0,,,2022-01-03 20:38:35.5-05,2022-01-03 20:38:35.5-05
443,467,5502,7,250.0,,,2022-01-03 20:38:35.5-05,2022-01-03 20:38:35.5-05
444,468,5514,13,1000.0,,,2022-01-03 20:38:35.5-05,2022-01-03 20:38:35.5-05
445,469,5524,20,370.0,,,2022-01-03 20:38:35.5-05,2022-01-03 20:38:35.5-05
446,470,5550,20,1900.0,,,2022-01-03 20:38:35.5-05,2022-01-03 20:38:35.5-05
447,471,2408,36,1600.0,,,2022-01-03 20:38:35.5-05,2022-01-03 20:38:35.5-05
448,472,3957,1,335.0,,,2022-01-03 20:38:35.5-05,2022-01-03 20:38:35.5-05
449,473,5515,3,1250.0,,,2022-01-03 20:38:35.5-05,2022-01-03 20:38:35.5-05
450,474,1976,30,2400.0,,,2022-01-03 20:38:35.5-05,2022-01-03 20:38:35.5-05
451,475,5502,7,300.0,,,2022-01-03 20:38:35.5-05,2022-01-03 20:38:35.5-05
452,476,5504,1,3250.0,,,2022-01-03 20:38:35.5-05,2022-01-03 20:38:35.5-05
453,477,5514,13,1000.0,,,2022-01-03 20:38:35.5-05,2022-01-03 20:38:35.5-05
454,478,5569,1,415.0,,,2022-01-03 20:38:35.5-05,2022-01-03 20:38:35.5-05
455,479,5518,4,700.0,,,2022-01-03 20:38:35.5-05,2022-01-03 20:38:35.5-05
456,480,2992,6,1200.0,,,2022-01-03 20:38:35.5-05,2022-01-03 20:38:35.5-05
457,481,936,50,90.0,,,2022-01-03 20:38:35.5-05,2022-01-03 20:38:35.5-05
458,482,5557,2,2895.0,,,2022-01-03 20:38:35.5-05,2022-01-03 20:38:35.5-05
459,483,0,2,2700.0,,,2022-01-03 20:38:35.5-05,2022-01-03 20:38:35.5-05
460,484,3791,1,525.0,,,2022-01-03 20:38:35.5-05,2022-01-03 20:38:35.5-05
461,485,5504,2,3300.0,,,2022-01-03 20:38:35.5-05,2022-01-03 20:38:35.5-05
462,486,5579,80,3050.0,,Tae says this is a hot deal. They're prob quoting $3500.00 on this. ,2022-01-03 20:38:35.5-05,2022-01-03 20:38:35.5-05
463,487,1334,47,225.0,,,2022-01-03 20:38:35.5-05,2022-01-03 20:38:35.5-05
464,488,1334,47,225.0,,,2022-01-03 20:38:35.5-05,2022-01-03 20:38:35.5-05
465,489,1477,2,1200.0,,,2022-01-03 20:38:35.5-05,2022-01-03 20:38:35.5-05
466,490,3791,4,525.0,,,2022-01-03 20:38:35.5-05,2022-01-03 20:38:35.5-05
467,491,0,8,65.0,,,2022-01-03 20:38:35.5-05,2022-01-03 20:38:35.5-05
468,492,3783,4,95.0,,,2022-01-03 20:38:35.5-05,2022-01-03 20:38:35.5-05
469,493,5577,7,1665.0,,,2022-01-03 20:38:35.5-05,2022-01-03 20:38:35.5-05
470,494,2776,3,400.0,,,2022-01-03 20:38:35.5-05,2022-01-03 20:38:35.5-05
471,495,1773,4,150.0,,,2022-01-03 20:38:35.5-05,2022-01-03 20:38:35.5-05
472,496,0,8,250.0,,,2022-01-03 20:38:35.5-05,2022-01-03 20:38:35.5-05
473,497,1064,52,25.0,,,2022-01-03 20:38:35.5-05,2022-01-03 20:38:35.5-05
474,498,934,68,12.0,,,2022-01-03 20:38:35.5-05,2022-01-03 20:38:35.5-05
475,499,0,100,225.0,,,2022-01-03 20:38:35.5-05,2022-01-03 20:38:35.5-05
476,500,2587,100,375.0,,,2022-01-03 20:38:35.5-05,2022-01-03 20:38:35.5-05
477,501,0,100,400.0,,,2022-01-03 20:38:35.5-05,2022-01-03 20:38:35.5-05
478,502,2115,100,285.0,,,2022-01-03 20:38:35.5-05,2022-01-03 20:38:35.5-05
479,503,1227,70,175.0,,,2022-01-03 20:38:35.5-05,2022-01-03 20:38:35.5-05
480,504,5513,3,915.0,,,2022-01-03 20:38:35.5-05,2022-01-03 20:38:35.5-05
481,505,2776,13,400.0,,,2022-01-03 20:38:35.5-05,2022-01-03 20:38:35.5-05
482,506,2265,35,550.0,,,2022-01-03 20:38:35.5-05,2022-01-03 20:38:35.5-05
483,507,5513,2,800.0,,,2022-01-03 20:38:35.5-05,2022-01-03 20:38:35.5-05
484,508,5562,5,1525.0,,,2022-01-03 20:38:35.5-05,2022-01-03 20:38:35.5-05
485,509,5508,8,2150.0,,,2022-01-03 20:38:35.5-05,2022-01-03 20:38:35.5-05
486,510,5557,2,2740.0,,,2022-01-03 20:38:35.5-05,2022-01-03 20:38:35.5-05
487,511,699,1,60.0,,,2022-01-03 20:38:35.5-05,2022-01-03 20:38:35.5-05
488,512,1122,1,75.0,,,2022-01-03 20:38:35.5-05,2022-01-03 20:38:35.5-05
489,513,715,1,10.0,,,2022-01-03 20:38:35.5-05,2022-01-03 20:38:35.5-05
490,514,824,1,11.0,,,2022-01-03 20:38:35.5-05,2022-01-03 20:38:35.5-05
491,515,1757,183,400.0,,,2022-01-03 20:38:35.5-05,2022-01-03 20:38:35.5-05
492,516,5515,3,1250.0,,,2022-01-03 20:38:35.5-05,2022-01-03 20:38:35.5-05
493,517,0,4,250.0,,,2022-01-03 20:38:35.5-05,2022-01-03 20:38:35.5-05
494,518,5514,13,1000.0,,,2022-01-03 20:38:35.5-05,2022-01-03 20:38:35.5-05
495,519,2992,6,1200.0,,,2022-01-03 20:38:35.5-05,2022-01-03 20:38:35.5-05
496,520,2124,19,135.0,,,2022-01-03 20:38:35.5-05,2022-01-03 20:38:35.5-05
497,521,1757,183,400.0,,,2022-01-03 20:38:35.5-05,2022-01-03 20:38:35.5-05
498,522,5504,1,3250.0,,,2022-01-03 20:38:35.5-05,2022-01-03 20:38:35.5-05
499,523,5504,1,3250.0,,,2022-01-03 20:38:35.5-05,2022-01-03 20:38:35.5-05
500,524,2776,13,400.0,,,2022-01-03 20:38:35.5-05,2022-01-03 20:38:35.5-05
501,525,5514,13,1000.0,,,2022-01-03 20:38:35.5-05,2022-01-03 20:38:35.5-05
502,526,1478,5,900.0,,Bought For 700 1 piece ,2022-01-03 20:38:35.5-05,2022-01-03 20:38:35.5-05
503,527,1448,8,85.0,,,2022-01-03 20:38:35.5-05,2022-01-03 20:38:35.5-05
504,528,2408,36,1700.0,,,2022-01-03 20:38:35.5-05,2022-01-03 20:38:35.5-05
505,529,5504,1,3250.0,,,2022-01-03 20:38:35.5-05,2022-01-03 20:38:35.5-05
506,530,0,15,1850.0,,,2022-01-03 20:38:35.5-05,2022-01-03 20:38:35.5-05
507,531,5546,3,4150.0,,,2022-01-03 20:38:35.5-05,2022-01-03 20:38:35.5-05
508,532,5518,3,700.0,,,2022-01-03 20:38:35.5-05,2022-01-03 20:38:35.5-05
509,533,25,71,40.0,,,2022-01-03 20:38:35.5-05,2022-01-03 20:38:35.5-05
510,534,5464,6,120.0,,,2022-01-03 20:38:35.5-05,2022-01-03 20:38:35.5-05
511,535,5552,3,1975.0,,,2022-01-03 20:38:35.5-05,2022-01-03 20:38:35.5-05
512,536,3783,20,95.0,,,2022-01-03 20:38:35.5-05,2022-01-03 20:38:35.5-05
513,537,5534,1,3000.0,,,2022-01-03 20:38:35.5-05,2022-01-03 20:38:35.5-05
514,538,5513,1,875.0,,,2022-01-03 20:38:35.5-05,2022-01-03 20:38:35.5-05
515,539,2691,30,60.0,,,2022-01-03 20:38:35.5-05,2022-01-03 20:38:35.5-05
516,540,5476,10,350.0,,,2022-01-03 20:38:35.5-05,2022-01-03 20:38:35.5-05
517,541,1448,8,85.0,,,2022-01-03 20:38:35.5-05,2022-01-03 20:38:35.5-05
518,542,1370,1,600.0,,,2022-01-03 20:38:35.5-05,2022-01-03 20:38:35.5-05
519,543,0,80,8.0,,,2022-01-03 20:38:35.5-05,2022-01-03 20:38:35.5-05
520,544,0,101,13.0,,Sold For 12.00 |  | SK HYNIX PN  | - HMT31GR7CFRA-H9 | - HMT31GR7EFR4A-H9 ,2022-01-03 20:38:35.5-05,2022-01-03 20:38:35.5-05
521,545,5518,3,700.0,,,2022-01-03 20:38:35.5-05,2022-01-03 20:38:35.5-05
522,546,5514,13,1000.0,,,2022-01-03 20:38:35.5-05,2022-01-03 20:38:35.5-05
523,547,2635,102,390.0,,,2022-01-03 20:38:35.5-05,2022-01-03 20:38:35.5-05
524,548,2635,82,390.0,,,2022-01-03 20:38:35.5-05,2022-01-03 20:38:35.5-05
525,549,1448,8,85.0,,,2022-01-03 20:38:35.5-05,2022-01-03 20:38:35.5-05
526,550,1448,8,85.0,,,2022-01-03 20:38:35.5-05,2022-01-03 20:38:35.5-05
527,551,25,71,40.0,,,2022-01-03 20:38:35.5-05,2022-01-03 20:38:35.5-05
528,552,5552,3,1925.0,,,2022-01-03 20:38:35.5-05,2022-01-03 20:38:35.5-05
529,553,5552,3,1925.0,,,2022-01-03 20:38:35.5-05,2022-01-03 20:38:35.5-05
530,554,5513,1,925.0,,,2022-01-03 20:38:35.5-05,2022-01-03 20:38:35.5-05
531,555,5546,3,4150.0,,,2022-01-03 20:38:35.5-05,2022-01-03 20:38:35.5-05
532,556,5515,3,1250.0,,,2022-01-03 20:38:35.5-05,2022-01-03 20:38:35.5-05
533,557,1478,1,700.0,,,2022-01-03 20:38:35.5-05,2022-01-03 20:38:35.5-05
534,558,5518,3,650.0,,,2022-01-03 20:38:35.5-05,2022-01-03 20:38:35.5-05
535,559,881,4,10.0,,,2022-01-03 20:38:35.5-05,2022-01-03 20:38:35.5-05
536,560,1318,2,280.0,,,2022-01-03 20:38:35.5-05,2022-01-03 20:38:35.5-05
537,561,5464,6,120.0,,,2022-01-03 20:38:35.5-05,2022-01-03 20:38:35.5-05
538,562,5465,2,150.0,,,2022-01-03 20:38:35.5-05,2022-01-03 20:38:35.5-05
539,563,2635,82,390.0,,,2022-01-03 20:38:35.5-05,2022-01-03 20:38:35.5-05
540,564,1370,1,600.0,,,2022-01-03 20:38:35.5-05,2022-01-03 20:38:35.5-05
541,565,5562,5,1525.0,,,2022-01-03 20:38:35.5-05,2022-01-03 20:38:35.5-05
542,566,5514,13,1000.0,,,2022-01-03 20:38:35.5-05,2022-01-03 20:38:35.5-05
543,567,1270,22,45.0,,,2022-01-03 20:38:35.5-05,2022-01-03 20:38:35.5-05
544,568,3806,1,285.0,,,2022-01-03 20:38:35.5-05,2022-01-03 20:38:35.5-05
545,569,5515,3,1250.0,,,2022-01-03 20:38:35.5-05,2022-01-03 20:38:35.5-05
546,570,5508,2,2100.0,,,2022-01-03 20:38:35.5-05,2022-01-03 20:38:35.5-05
547,571,0,6,250.0,,,2022-01-03 20:38:35.5-05,2022-01-03 20:38:35.5-05
548,572,5553,3,2375.0,,,2022-01-03 20:38:35.5-05,2022-01-03 20:38:35.5-05
549,573,5514,13,1000.0,,,2022-01-03 20:38:35.5-05,2022-01-03 20:38:35.5-05
550,574,1334,50,225.0,,,2022-01-03 20:38:35.5-05,2022-01-03 20:38:35.5-05
551,575,0,1,3250.0,,,2022-01-03 20:38:35.5-05,2022-01-03 20:38:35.5-05
552,576,5552,3,1925.0,,,2022-01-03 20:38:35.5-05,2022-01-03 20:38:35.5-05
553,577,2326,61,1250.0,,,2022-01-03 20:38:35.5-05,2022-01-03 20:38:35.5-05
554,578,2326,61,1250.0,,,2022-01-03 20:38:35.5-05,2022-01-03 20:38:35.5-05
555,579,2107,1,400.0,,,2022-01-03 20:38:35.5-05,2022-01-03 20:38:35.5-05
556,580,5562,5,1525.0,,,2022-01-03 20:38:35.5-05,2022-01-03 20:38:35.5-05
557,581,5552,16,1925.0,,Sold 4 at 1875.00,2022-01-03 20:38:35.5-05,2022-01-03 20:38:35.5-05
558,582,0,15,975.0,,,2022-01-03 20:38:35.5-05,2022-01-03 20:38:35.5-05
559,583,1334,150,215.0,,,2022-01-03 20:38:35.5-05,2022-01-03 20:38:35.5-05
560,584,955,22,20.0,,,2022-01-03 20:38:35.5-05,2022-01-03 20:38:35.5-05
561,585,848,3,90.0,,,2022-01-03 20:38:35.5-05,2022-01-03 20:38:35.5-05
562,586,1773,2,170.0,,,2022-01-03 20:38:35.5-05,2022-01-03 20:38:35.5-05
563,587,1833,40,590.0,,,2022-01-03 20:38:35.5-05,2022-01-03 20:38:35.5-05
564,588,2326,50,1250.0,,,2022-01-03 20:38:35.5-05,2022-01-03 20:38:35.5-05
565,589,5506,3,2025.0,,,2022-01-03 20:38:35.5-05,2022-01-03 20:38:35.5-05
566,590,0,15,975.0,,,2022-01-03 20:38:35.5-05,2022-01-03 20:38:35.5-05
567,591,5552,3,1975.0,,,2022-01-03 20:38:35.5-05,2022-01-03 20:38:35.5-05
568,592,5562,5,1525.0,,,2022-01-03 20:38:35.5-05,2022-01-03 20:38:35.5-05
569,593,5552,3,1875.0,,Sold For 1850.00,2022-01-03 20:38:35.5-05,2022-01-03 20:38:35.5-05
570,594,930,20,55.0,,,2022-01-03 20:38:35.5-05,2022-01-03 20:38:35.5-05
571,595,5476,10,375.0,,,2022-01-03 20:38:35.5-05,2022-01-03 20:38:35.5-05
572,596,25,50,50.0,,,2022-01-03 20:38:35.5-05,2022-01-03 20:38:35.5-05
573,597,5462,2,45.0,,,2022-01-03 20:38:35.5-05,2022-01-03 20:38:35.5-05
574,598,0,6,250.0,,,2022-01-03 20:38:35.5-05,2022-01-03 20:38:35.5-05
575,599,5553,3,2200.0,,,2022-01-03 20:38:35.5-05,2022-01-03 20:38:35.5-05
576,600,5513,1,0.0,,He needed 10 pieces ,2022-01-03 20:38:35.5-05,2022-01-03 20:38:35.5-05
577,601,2115,190,335.0,,,2022-01-03 20:38:35.5-05,2022-01-03 20:38:35.5-05
578,602,5506,3,2025.0,,,2022-01-03 20:38:35.5-05,2022-01-03 20:38:35.5-05
579,603,5565,1,1040.0,,,2022-01-03 20:38:35.5-05,2022-01-03 20:38:35.5-05
580,604,5515,3,1250.0,,,2022-01-03 20:38:35.5-05,2022-01-03 20:38:35.5-05
581,605,5506,3,2025.0,,,2022-01-03 20:38:35.5-05,2022-01-03 20:38:35.5-05
582,606,936,40,95.0,,,2022-01-03 20:38:35.5-05,2022-01-03 20:38:35.5-05
583,607,5515,3,1250.0,,,2022-01-03 20:38:35.5-05,2022-01-03 20:38:35.5-05
584,608,0,9,1850.0,,,2022-01-03 20:38:35.5-05,2022-01-03 20:38:35.5-05
585,609,3503,2,1400.0,,,2022-01-03 20:38:35.5-05,2022-01-03 20:38:35.5-05
586,610,1477,1,1200.0,,,2022-01-03 20:38:35.5-05,2022-01-03 20:38:35.5-05
587,611,5577,4,1725.0,,,2022-01-03 20:38:35.5-05,2022-01-03 20:38:35.5-05
588,612,1198,4,200.0,,,2022-01-03 20:38:35.5-05,2022-01-03 20:38:35.5-05
589,613,5559,6,2300.0,,,2022-01-03 20:38:35.5-05,2022-01-03 20:38:35.5-05
590,614,1812,1,900.0,,,2022-01-03 20:38:35.5-05,2022-01-03 20:38:35.5-05
591,615,1334,24,215.0,,,2022-01-03 20:38:35.5-05,2022-01-03 20:38:35.5-05
592,616,2636,2,1018.0,,,2022-01-03 20:38:35.5-05,2022-01-03 20:38:35.5-05
593,617,1090,4,60.0,,,2022-01-03 20:38:35.5-05,2022-01-03 20:38:35.5-05
594,618,1332,1,900.0,,,2022-01-03 20:38:35.5-05,2022-01-03 20:38:35.5-05
595,619,2992,1,1300.0,,,2022-01-03 20:38:35.5-05,2022-01-03 20:38:35.5-05
596,620,2841,4,1750.0,,,2022-01-03 20:38:35.5-05,2022-01-03 20:38:35.5-05
597,621,5514,13,950.0,,,2022-01-03 20:38:35.5-05,2022-01-03 20:38:35.5-05
598,622,5525,100,490.0,,,2022-01-03 20:38:35.5-05,2022-01-03 20:38:35.5-05
599,623,3830,1,375.0,,,2022-01-03 20:38:35.5-05,2022-01-03 20:38:35.5-05
600,624,1833,16,575.0,,,2022-01-03 20:38:35.5-05,2022-01-03 20:38:35.5-05
601,625,0,1,1500.0,,,2022-01-03 20:38:35.5-05,2022-01-03 20:38:35.5-05
602,626,0,1,1775.0,,,2022-01-03 20:38:35.5-05,2022-01-03 20:38:35.5-05
603,627,0,2,975.0,,,2022-01-03 20:38:35.5-05,2022-01-03 20:38:35.5-05
604,628,5579,1,3075.0,,,2022-01-03 20:38:35.5-05,2022-01-03 20:38:35.5-05
605,629,2595,1,1400.0,,system board,2022-01-03 20:38:35.5-05,2022-01-03 20:38:35.5-05
606,630,5577,1,1725.0,,,2022-01-03 20:38:35.5-05,2022-01-03 20:38:35.5-05
607,631,5539,3,3400.0,,,2022-01-03 20:38:35.5-05,2022-01-03 20:38:35.5-05
608,632,2540,5,1600.0,,,2022-01-03 20:38:35.5-05,2022-01-03 20:38:35.5-05
609,633,2326,2,1000.0,,,2022-01-03 20:38:35.5-05,2022-01-03 20:38:35.5-05
610,634,5156,1,8000.0,,,2022-01-03 20:38:35.5-05,2022-01-03 20:38:35.5-05
611,635,2100,1,8500.0,,,2022-01-03 20:38:35.5-05,2022-01-03 20:38:35.5-05
612,636,1899,2,1895.0,,,2022-01-03 20:38:35.5-05,2022-01-03 20:38:35.5-05
613,637,0,2,2750.0,,,2022-01-03 20:38:35.5-05,2022-01-03 20:38:35.5-05
614,638,0,4,1625.0,,,2022-01-03 20:38:35.5-05,2022-01-03 20:38:35.5-05
615,639,0,6,2750.0,,,2022-01-03 20:38:35.5-05,2022-01-03 20:38:35.5-05
616,640,5569,10,425.0,,,2022-01-03 20:38:35.5-05,2022-01-03 20:38:35.5-05
617,641,2100,1,7750.0,,,2022-01-03 20:38:35.5-05,2022-01-03 20:38:35.5-05
618,642,5546,6,4650.0,,,2022-01-03 20:38:35.5-05,2022-01-03 20:38:35.5-05
619,643,0,1,195.0,,,2022-01-03 20:38:35.5-05,2022-01-03 20:38:35.5-05
620,644,1370,1,500.0,,,2022-01-03 20:38:35.5-05,2022-01-03 20:38:35.5-05
621,645,0,20,45.0,,,2022-01-03 20:38:35.5-05,2022-01-03 20:38:35.5-05
622,646,5476,4,350.0,,,2022-01-03 20:38:35.5-05,2022-01-03 20:38:35.5-05
623,647,3037,2,1800.0,,,2022-01-03 20:38:35.5-05,2022-01-03 20:38:35.5-05
624,648,2841,1,1800.0,,,2022-01-03 20:38:35.5-05,2022-01-03 20:38:35.5-05
625,649,5579,9,3100.0,,,2022-01-03 20:38:35.5-05,2022-01-03 20:38:35.5-05
626,650,5579,9,2950.0,,,2022-01-03 20:38:35.5-05,2022-01-03 20:38:35.5-05
627,651,5579,9,2950.0,,,2022-01-03 20:38:35.5-05,2022-01-03 20:38:35.5-05
628,652,5513,6,1025.0,,,2022-01-03 20:38:35.5-05,2022-01-03 20:38:35.5-05
629,653,5559,2,2400.0,,,2022-01-03 20:38:35.5-05,2022-01-03 20:38:35.5-05
630,654,2787,1,1000.0,,,2022-01-03 20:38:35.5-05,2022-01-03 20:38:35.5-05
631,655,2787,1,1000.0,,,2022-01-03 20:38:35.5-05,2022-01-03 20:38:35.5-05
632,656,2787,1,1000.0,,,2022-01-03 20:38:35.5-05,2022-01-03 20:38:35.5-05
633,657,5513,2,950.0,,,2022-01-03 20:38:35.5-05,2022-01-03 20:38:35.5-05
634,658,5513,2,1050.0,,,2022-01-03 20:38:35.5-05,2022-01-03 20:38:35.5-05
635,659,0,2,1200.0,,,2022-01-03 20:38:35.5-05,2022-01-03 20:38:35.5-05
636,660,2787,1,1000.0,,,2022-01-03 20:38:35.5-05,2022-01-03 20:38:35.5-05
637,661,2787,1,1000.0,,,2022-01-03 20:38:35.5-05,2022-01-03 20:38:35.5-05
638,662,3792,1,1900.0,,,2022-01-03 20:38:35.5-05,2022-01-03 20:38:35.5-05
639,663,5515,18,1050.0,,,2022-01-03 20:38:35.5-05,2022-01-03 20:38:35.5-05
640,664,1794,256,325.0,,,2022-01-03 20:38:35.5-05,2022-01-03 20:38:35.5-05
641,665,0,2,60.0,,,2022-01-03 20:38:35.5-05,2022-01-03 20:38:35.5-05
642,666,5546,7,4650.0,,,2022-01-03 20:38:35.5-05,2022-01-03 20:38:35.5-05
643,667,0,260,10.0,,,2022-01-03 20:38:35.5-05,2022-01-03 20:38:35.5-05
644,668,1198,10,200.0,,,2022-01-03 20:38:35.5-05,2022-01-03 20:38:35.5-05
645,669,5520,2,900.0,,Theres Two on ebay for 697.00 ea. | Seller - xtksystems ,2022-01-03 20:38:35.5-05,2022-01-03 20:38:35.5-05
646,670,1794,196,350.0,,,2022-01-03 20:38:35.5-05,2022-01-03 20:38:35.5-05
647,671,3046,5,2500.0,,,2022-01-03 20:38:35.5-05,2022-01-03 20:38:35.5-05
648,672,1612,1,1250.0,,,2022-01-03 20:38:35.5-05,2022-01-03 20:38:35.5-05
649,673,1477,9,1275.0,,,2022-01-03 20:38:35.5-05,2022-01-03 20:38:35.5-05
650,674,1198,80,200.0,,,2022-01-03 20:38:35.5-05,2022-01-03 20:38:35.5-05
651,675,0,20,1100.0,,,2022-01-03 20:38:35.5-05,2022-01-03 20:38:35.5-05
652,676,1794,103,0.0,,,2022-01-03 20:38:35.5-05,2022-01-03 20:38:35.5-05
653,677,1334,398,100.0,,,2022-01-03 20:38:35.5-05,2022-01-03 20:38:35.5-05
654,678,1370,1,500.0,,,2022-01-03 20:38:35.5-05,2022-01-03 20:38:35.5-05
655,679,2332,40,130.0,,,2022-01-03 20:38:35.5-05,2022-01-03 20:38:35.5-05
656,680,0,2,2100.0,,,2022-01-03 20:38:35.5-05,2022-01-03 20:38:35.5-05
657,681,5559,9,2450.0,,,2022-01-03 20:38:35.5-05,2022-01-03 20:38:35.5-05
658,682,0,2,975.0,,,2022-01-03 20:38:35.5-05,2022-01-03 20:38:35.5-05
659,683,5115,2,6500.0,,,2022-01-03 20:38:35.5-05,2022-01-03 20:38:35.5-05
660,684,2855,2,1300.0,,,2022-01-03 20:38:35.5-05,2022-01-03 20:38:35.5-05
661,685,1757,6,325.0,,,2022-01-03 20:38:35.5-05,2022-01-03 20:38:35.5-05
662,686,5583,3,2500.0,,,2022-01-03 20:38:35.5-05,2022-01-03 20:38:35.5-05
663,687,1199,1,675.0,,,2022-01-03 20:38:35.5-05,2022-01-03 20:38:35.5-05
664,688,3792,1,1750.0,,,2022-01-03 20:38:35.5-05,2022-01-03 20:38:35.5-05
665,689,5508,50,1400.0,,,2022-01-03 20:38:35.5-05,2022-01-03 20:38:35.5-05
666,690,2058,2,2350.0,,,2022-01-03 20:38:35.5-05,2022-01-03 20:38:35.5-05
667,691,2336,74,140.0,,,2022-01-03 20:38:35.5-05,2022-01-03 20:38:35.5-05
668,692,5556,5,1600.0,,,2022-01-03 20:38:35.5-05,2022-01-03 20:38:35.5-05
669,693,5508,50,1400.0,,,2022-01-03 20:38:35.5-05,2022-01-03 20:38:35.5-05
670,694,1976,50,2100.0,,,2022-01-03 20:38:35.5-05,2022-01-03 20:38:35.5-05
671,695,1902,5,1750.0,,,2022-01-03 20:38:35.5-05,2022-01-03 20:38:35.5-05
672,696,1477,9,1275.0,,,2022-01-03 20:38:35.5-05,2022-01-03 20:38:35.5-05
673,697,5583,4,2450.0,,,2022-01-03 20:38:35.5-05,2022-01-03 20:38:35.5-05
674,698,2776,13,500.0,,,2022-01-03 20:38:35.5-05,2022-01-03 20:38:35.5-05
675,699,5583,1,2450.0,,,2022-01-03 20:38:35.5-05,2022-01-03 20:38:35.5-05
676,700,2696,1,400.0,,,2022-01-03 20:38:35.5-05,2022-01-03 20:38:35.5-05
677,701,2277,1,1375.0,,,2022-01-03 20:38:35.5-05,2022-01-03 20:38:35.5-05
678,702,5552,6,2080.0,,,2022-01-03 20:38:35.5-05,2022-01-03 20:38:35.5-05
679,703,0,1,915.0,,,2022-01-03 20:38:35.5-05,2022-01-03 20:38:35.5-05
680,704,5559,50,2550.0,,,2022-01-03 20:38:35.5-05,2022-01-03 20:38:35.5-05
681,705,5559,50,2500.0,,,2022-01-03 20:38:35.5-05,2022-01-03 20:38:35.5-05
682,706,2362,30,500.0,,,2022-01-03 20:38:35.5-05,2022-01-03 20:38:35.5-05
683,707,1757,183,400.0,,,2022-01-03 20:38:35.5-05,2022-01-03 20:38:35.5-05
684,708,2795,4,1200.0,,,2022-01-03 20:38:35.5-05,2022-01-03 20:38:35.5-05
685,709,2689,500,15.0,,,2022-01-03 20:38:35.5-05,2022-01-03 20:38:35.5-05
686,710,2455,150,200.0,,,2022-01-03 20:38:35.5-05,2022-01-03 20:38:35.5-05
687,711,13,2,900.0,,,2022-01-03 20:38:35.5-05,2022-01-03 20:38:35.5-05
688,712,702,6,25.0,,,2022-01-03 20:38:35.5-05,2022-01-03 20:38:35.5-05
689,713,2855,1,1200.0,,,2022-01-03 20:38:35.5-05,2022-01-03 20:38:35.5-05
690,714,5551,6,975.0,,,2022-01-03 20:38:35.5-05,2022-01-03 20:38:35.5-05
691,715,2940,2,7150.0,,,2022-01-03 20:38:35.5-05,2022-01-03 20:38:35.5-05
692,716,2362,5,500.0,,,2022-01-03 20:38:35.5-05,2022-01-03 20:38:35.5-05
693,717,0,6,975.0,,,2022-01-03 20:38:35.5-05,2022-01-03 20:38:35.5-05
694,718,2384,3,2375.0,,,2022-01-03 20:38:35.5-05,2022-01-03 20:38:35.5-05
695,719,0,5,975.0,,,2022-01-03 20:38:35.5-05,2022-01-03 20:38:35.5-05
696,720,0,5,975.0,,,2022-01-03 20:38:35.5-05,2022-01-03 20:38:35.5-05
697,721,1878,10,485.0,,,2022-01-03 20:38:35.5-05,2022-01-03 20:38:35.5-05
698,722,1757,25,385.0,,,2022-01-03 20:38:35.5-05,2022-01-03 20:38:35.5-05
699,723,5583,3,2500.0,,,2022-01-03 20:38:35.5-05,2022-01-03 20:38:35.5-05
700,724,1774,50,135.0,,,2022-01-03 20:38:35.5-05,2022-01-03 20:38:35.5-05
701,725,1774,96,135.0,,,2022-01-03 20:38:35.5-05,2022-01-03 20:38:35.5-05
702,726,1307,24,40.0,,,2022-01-03 20:38:35.5-05,2022-01-03 20:38:35.5-05
703,727,934,40,15.0,,,2022-01-03 20:38:35.5-05,2022-01-03 20:38:35.5-05
704,728,5508,50,1400.0,,,2022-01-03 20:38:35.5-05,2022-01-03 20:38:35.5-05
705,729,2326,32,1000.0,,,2022-01-03 20:38:35.5-05,2022-01-03 20:38:35.5-05
706,730,2058,2,2350.0,,,2022-01-03 20:38:35.5-05,2022-01-03 20:38:35.5-05
707,731,2038,6,1275.0,,,2022-01-03 20:38:35.5-05,2022-01-03 20:38:35.5-05
708,732,1793,50,275.0,,,2022-01-03 20:38:35.5-05,2022-01-03 20:38:35.5-05
709,733,1757,183,325.0,,,2022-01-03 20:38:35.5-05,2022-01-03 20:38:35.5-05
710,734,0,150,65.0,,,2022-01-03 20:38:35.5-05,2022-01-03 20:38:35.5-05
711,735,0,6,1000.0,,,2022-01-03 20:38:35.5-05,2022-01-03 20:38:35.5-05
712,736,2336,74,140.0,,,2022-01-03 20:38:35.5-05,2022-01-03 20:38:35.5-05
713,737,2344,13,100.0,,,2022-01-03 20:38:35.5-05,2022-01-03 20:38:35.5-05
714,738,2326,32,1000.0,,,2022-01-03 20:38:35.5-05,2022-01-03 20:38:35.5-05
715,739,2281,5,2575.0,,,2022-01-03 20:38:35.5-05,2022-01-03 20:38:35.5-05
716,740,5551,6,900.0,,,2022-01-03 20:38:35.5-05,2022-01-03 20:38:35.5-05
717,741,0,6,975.0,,,2022-01-03 20:38:35.5-05,2022-01-03 20:38:35.5-05
718,742,5567,1,1200.0,,,2022-01-03 20:38:35.5-05,2022-01-03 20:38:35.5-05
719,743,2828,5,6575.0,,,2022-01-03 20:38:35.5-05,2022-01-03 20:38:35.5-05
720,744,2455,50,200.0,,,2022-01-03 20:38:35.5-05,2022-01-03 20:38:35.5-05
721,745,5555,2,2275.0,,,2022-01-03 20:38:35.5-05,2022-01-03 20:38:35.5-05
722,746,5576,4,850.0,,,2022-01-03 20:38:35.5-05,2022-01-03 20:38:35.5-05
723,747,5556,2,1400.0,,,2022-01-03 20:38:35.5-05,2022-01-03 20:38:35.5-05
724,748,5556,5,1400.0,,,2022-01-03 20:38:35.5-05,2022-01-03 20:38:35.5-05
725,749,5508,15,1400.0,,,2022-01-03 20:38:35.5-05,2022-01-03 20:38:35.5-05
726,750,2637,1000,1900.0,,,2022-01-03 20:38:35.5-05,2022-01-03 20:38:35.5-05
727,751,2455,50,200.0,,,2022-01-03 20:38:35.5-05,2022-01-03 20:38:35.5-05
728,752,2332,50,130.0,,,2022-01-03 20:38:35.5-05,2022-01-03 20:38:35.5-05
729,753,1757,163,325.0,,,2022-01-03 20:38:35.5-05,2022-01-03 20:38:35.5-05
730,754,2765,2,500.0,,,2022-01-03 20:38:35.5-05,2022-01-03 20:38:35.5-05
731,755,5513,1,975.0,,,2022-01-03 20:38:35.5-05,2022-01-03 20:38:35.5-05
732,756,5546,7,4500.0,,,2022-01-03 20:38:35.5-05,2022-01-03 20:38:35.5-05
733,757,1311,17,70.0,,,2022-01-03 20:38:35.5-05,2022-01-03 20:38:35.5-05
734,758,936,50,90.0,,,2022-01-03 20:38:35.5-05,2022-01-03 20:38:35.5-05
735,759,2748,11,7425.0,,,2022-01-03 20:38:35.5-05,2022-01-03 20:38:35.5-05
736,760,2275,7,1300.0,,,2022-01-03 20:38:35.5-05,2022-01-03 20:38:35.5-05
737,761,2042,6,1300.0,,,2022-01-03 20:38:35.5-05,2022-01-03 20:38:35.5-05
738,762,0,6,1000.0,,,2022-01-03 20:38:35.5-05,2022-01-03 20:38:35.5-05
739,763,5560,4,3500.0,,,2022-01-03 20:38:35.5-05,2022-01-03 20:38:35.5-05
740,764,5556,5,1400.0,,,2022-01-03 20:38:35.5-05,2022-01-03 20:38:35.5-05
741,765,5508,15,1400.0,,,2022-01-03 20:38:35.5-05,2022-01-03 20:38:35.5-05
742,766,2042,6,1300.0,,,2022-01-03 20:38:35.5-05,2022-01-03 20:38:35.5-05
743,767,5556,5,1400.0,,,2022-01-03 20:38:35.5-05,2022-01-03 20:38:35.5-05
744,768,5551,6,975.0,,,2022-01-03 20:38:35.5-05,2022-01-03 20:38:35.5-05
745,769,5551,6,975.0,,,2022-01-03 20:38:35.5-05,2022-01-03 20:38:35.5-05
746,770,0,1,2450.0,,,2022-01-03 20:38:35.5-05,2022-01-03 20:38:35.5-05
747,771,4278,2,5250.0,,,2022-01-03 20:38:35.5-05,2022-01-03 20:38:35.5-05
748,772,5209,1,90.0,,,2022-01-03 20:38:35.5-05,2022-01-03 20:38:35.5-05
749,773,1334,64,175.0,,,2022-01-03 20:38:35.5-05,2022-01-03 20:38:35.5-05
750,774,5553,1,2300.0,,,2022-01-03 20:38:35.5-05,2022-01-03 20:38:35.5-05
751,775,3792,1,1800.0,,,2022-01-03 20:38:35.5-05,2022-01-03 20:38:35.5-05
752,776,2880,2,1200.0,,,2022-01-03 20:38:35.5-05,2022-01-03 20:38:35.5-05
753,777,0,2,1295.0,,,2022-01-03 20:38:35.5-05,2022-01-03 20:38:35.5-05
754,778,3486,2,3250.0,,,2022-01-03 20:38:35.5-05,2022-01-03 20:38:35.5-05
755,779,5174,1,2900.0,,,2022-01-03 20:38:35.5-05,2022-01-03 20:38:35.5-05
756,780,1446,50,65.0,,,2022-01-03 20:38:35.5-05,2022-01-03 20:38:35.5-05
757,781,2068,10,2895.0,,,2022-01-03 20:38:35.5-05,2022-01-03 20:38:35.5-05
758,782,5562,1,1650.0,,,2022-01-03 20:38:35.5-05,2022-01-03 20:38:35.5-05
759,783,5551,1,975.0,,,2022-01-03 20:38:35.5-05,2022-01-03 20:38:35.5-05
760,784,5126,1,4500.0,,,2022-01-03 20:38:35.5-05,2022-01-03 20:38:35.5-05
761,785,4017,1,3500.0,,,2022-01-03 20:38:35.5-05,2022-01-03 20:38:35.5-05
762,786,4017,1,3500.0,,,2022-01-03 20:38:35.5-05,2022-01-03 20:38:35.5-05
763,787,4016,1,3200.0,,,2022-01-03 20:38:35.5-05,2022-01-03 20:38:35.5-05
764,788,4016,1,3200.0,,,2022-01-03 20:38:35.5-05,2022-01-03 20:38:35.5-05
765,789,4017,1,3500.0,,ref,2022-01-03 20:38:35.5-05,2022-01-03 20:38:35.5-05
766,790,4017,1,4500.0,,new eta 2-3 weeks,2022-01-03 20:38:35.5-05,2022-01-03 20:38:35.5-05
767,791,5142,1,3400.0,,ref,2022-01-03 20:38:35.5-05,2022-01-03 20:38:35.5-05
768,792,5155,1,4000.0,,ref,2022-01-03 20:38:35.5-05,2022-01-03 20:38:35.5-05
769,793,1334,40,165.0,,,2022-01-03 20:38:35.5-05,2022-01-03 20:38:35.5-05
770,794,4017,1,3500.0,,,2022-01-03 20:38:35.5-05,2022-01-03 20:38:35.5-05
771,795,2637,1,800.0,,ref,2022-01-03 20:38:35.5-05,2022-01-03 20:38:35.5-05
772,796,2637,1,1200.0,,new bulk,2022-01-03 20:38:35.5-05,2022-01-03 20:38:35.5-05
773,797,5579,4,2950.0,,,2022-01-03 20:38:35.5-05,2022-01-03 20:38:35.5-05
774,798,2326,32,1000.0,,,2022-01-03 20:38:35.5-05,2022-01-03 20:38:35.5-05
775,799,2046,5,1750.0,,,2022-01-03 20:38:35.5-05,2022-01-03 20:38:35.5-05
776,800,1773,14,120.0,,,2022-01-03 20:38:35.5-05,2022-01-03 20:38:35.5-05
777,801,1928,5,1025.0,,,2022-01-03 20:38:35.5-05,2022-01-03 20:38:35.5-05
778,802,1334,50,175.0,,,2022-01-03 20:38:35.5-05,2022-01-03 20:38:35.5-05
779,803,2637,100,1900.0,,,2022-01-03 20:38:35.5-05,2022-01-03 20:38:35.5-05
780,804,2637,12,1000.0,,,2022-01-03 20:38:35.5-05,2022-01-03 20:38:35.5-05
781,805,2455,50,200.0,,,2022-01-03 20:38:35.5-05,2022-01-03 20:38:35.5-05
782,806,2332,50,130.0,,,2022-01-03 20:38:35.5-05,2022-01-03 20:38:35.5-05
783,807,1757,163,325.0,,,2022-01-03 20:38:35.5-05,2022-01-03 20:38:35.5-05
784,808,2765,2,500.0,,,2022-01-03 20:38:35.5-05,2022-01-03 20:38:35.5-05
785,809,1793,100,275.0,,,2022-01-03 20:38:35.5-05,2022-01-03 20:38:35.5-05
786,810,1309,350,115.0,,,2022-01-03 20:38:35.5-05,2022-01-03 20:38:35.5-05
787,811,1334,400,185.0,,,2022-01-03 20:38:35.5-05,2022-01-03 20:38:35.5-05
788,812,0,6,1000.0,,,2022-01-03 20:38:35.5-05,2022-01-03 20:38:35.5-05
789,813,5556,5,1600.0,,,2022-01-03 20:38:35.5-05,2022-01-03 20:38:35.5-05
790,814,5556,5,1600.0,,,2022-01-03 20:38:35.5-05,2022-01-03 20:38:35.5-05
791,815,5506,3,1875.0,,,2022-01-03 20:38:35.5-05,2022-01-03 20:38:35.5-05
792,816,1334,50,175.0,,,2022-01-03 20:38:35.5-05,2022-01-03 20:38:35.5-05
793,817,5556,1,1600.0,,,2022-01-03 20:38:35.5-05,2022-01-03 20:38:35.5-05
794,818,5508,15,1400.0,,,2022-01-03 20:38:35.5-05,2022-01-03 20:38:35.5-05
795,819,2623,1,2000.0,,,2022-01-03 20:38:35.5-05,2022-01-03 20:38:35.5-05
796,820,2834,5,3400.0,,,2022-01-03 20:38:35.5-05,2022-01-03 20:38:35.5-05
797,821,2834,5,3400.0,,,2022-01-03 20:38:35.5-05,2022-01-03 20:38:35.5-05
798,822,2653,5,7000.0,,,2022-01-03 20:38:35.5-05,2022-01-03 20:38:35.5-05
799,823,2653,5,7000.0,,,2022-01-03 20:38:35.5-05,2022-01-03 20:38:35.5-05
800,824,1904,10,1750.0,,,2022-01-03 20:38:35.5-05,2022-01-03 20:38:35.5-05
801,825,1737,1,1200.0,,,2022-01-03 20:38:35.5-05,2022-01-03 20:38:35.5-05
802,826,2725,5,6000.0,,,2022-01-03 20:38:35.5-05,2022-01-03 20:38:35.5-05
803,827,5583,11,2300.0,,,2022-01-03 20:38:35.5-05,2022-01-03 20:38:35.5-05
804,828,5579,6,3100.0,,,2022-01-03 20:38:35.5-05,2022-01-03 20:38:35.5-05
805,829,1930,1,1150.0,,,2022-01-03 20:38:35.5-05,2022-01-03 20:38:35.5-05
806,830,1746,35,95.0,,,2022-01-03 20:38:35.5-05,2022-01-03 20:38:35.5-05
807,831,5574,7,425.0,,,2022-01-03 20:38:35.5-05,2022-01-03 20:38:35.5-05
808,832,3954,6,750.0,,,2022-01-03 20:38:35.5-05,2022-01-03 20:38:35.5-05
809,833,1746,35,95.0,,,2022-01-03 20:38:35.5-05,2022-01-03 20:38:35.5-05
810,834,1747,4,325.0,,,2022-01-03 20:38:35.5-05,2022-01-03 20:38:35.5-05
811,835,2176,35,300.0,,,2022-01-03 20:38:35.5-05,2022-01-03 20:38:35.5-05
812,836,1746,35,95.0,,,2022-01-03 20:38:35.5-05,2022-01-03 20:38:35.5-05
813,837,1747,4,325.0,,,2022-01-03 20:38:35.5-05,2022-01-03 20:38:35.5-05
814,838,2176,35,300.0,,,2022-01-03 20:38:35.5-05,2022-01-03 20:38:35.5-05
815,839,1746,35,95.0,,,2022-01-03 20:38:35.5-05,2022-01-03 20:38:35.5-05
816,840,1747,4,325.0,,,2022-01-03 20:38:35.5-05,2022-01-03 20:38:35.5-05
817,841,2176,35,300.0,,,2022-01-03 20:38:35.5-05,2022-01-03 20:38:35.5-05
818,842,5577,10,1800.0,,,2022-01-03 20:38:35.5-05,2022-01-03 20:38:35.5-05
819,843,5553,5,2300.0,,,2022-01-03 20:38:35.5-05,2022-01-03 20:38:35.5-05
820,844,5579,7,3150.0,,,2022-01-03 20:38:35.5-05,2022-01-03 20:38:35.5-05
821,845,5577,10,1800.0,,,2022-01-03 20:38:35.5-05,2022-01-03 20:38:35.5-05
822,846,5553,5,2300.0,,,2022-01-03 20:38:35.5-05,2022-01-03 20:38:35.5-05
823,847,5579,7,3150.0,,,2022-01-03 20:38:35.5-05,2022-01-03 20:38:35.5-05
824,848,5577,10,1800.0,,,2022-01-03 20:38:35.5-05,2022-01-03 20:38:35.5-05
825,849,5553,5,2300.0,,,2022-01-03 20:38:35.5-05,2022-01-03 20:38:35.5-05
826,850,5579,7,3150.0,,,2022-01-03 20:38:35.5-05,2022-01-03 20:38:35.5-05
827,851,5577,10,1800.0,,,2022-01-03 20:38:35.5-05,2022-01-03 20:38:35.5-05
828,852,5553,5,2300.0,,,2022-01-03 20:38:35.5-05,2022-01-03 20:38:35.5-05
829,853,5579,7,3150.0,,,2022-01-03 20:38:35.5-05,2022-01-03 20:38:35.5-05
830,854,5551,6,975.0,,,2022-01-03 20:38:35.5-05,2022-01-03 20:38:35.5-05
831,855,2455,50,200.0,,,2022-01-03 20:38:35.5-05,2022-01-03 20:38:35.5-05
832,856,1334,50,175.0,,,2022-01-03 20:38:35.5-05,2022-01-03 20:38:35.5-05
833,857,1746,35,95.0,,,2022-01-03 20:38:35.5-05,2022-01-03 20:38:35.5-05
834,858,5513,1,850.0,,,2022-01-03 20:38:35.5-05,2022-01-03 20:38:35.5-05
835,859,930,10,35.0,,,2022-01-03 20:38:35.5-05,2022-01-03 20:38:35.5-05
836,860,0,6,20.0,,,2022-01-03 20:38:35.5-05,2022-01-03 20:38:35.5-05
837,861,0,10,20.0,,,2022-01-03 20:38:35.5-05,2022-01-03 20:38:35.5-05
838,862,1214,16,25.0,,,2022-01-03 20:38:35.5-05,2022-01-03 20:38:35.5-05
839,863,1084,6,30.0,,,2022-01-03 20:38:35.5-05,2022-01-03 20:38:35.5-05
840,864,3173,31,75.0,,,2022-01-03 20:38:35.5-05,2022-01-03 20:38:35.5-05
841,865,1774,150,155.0,,,2022-01-03 20:38:35.5-05,2022-01-03 20:38:35.5-05
842,866,5477,31,275.0,,,2022-01-03 20:38:35.5-05,2022-01-03 20:38:35.5-05
843,867,5477,31,275.0,,,2022-01-03 20:38:35.5-05,2022-01-03 20:38:35.5-05
844,868,2992,2,1500.0,,,2022-01-03 20:38:35.5-05,2022-01-03 20:38:35.5-05
845,869,2846,8,400.0,,,2022-01-03 20:38:35.5-05,2022-01-03 20:38:35.5-05
846,870,1774,4,155.0,,,2022-01-03 20:38:35.5-05,2022-01-03 20:38:35.5-05
847,871,1831,20,100.0,,,2022-01-03 20:38:35.5-05,2022-01-03 20:38:35.5-05
848,872,1831,20,100.0,,,2022-01-03 20:38:35.5-05,2022-01-03 20:38:35.5-05
849,873,1831,20,90.0,,,2022-01-03 20:38:35.5-05,2022-01-03 20:38:35.5-05
850,874,3046,2,2550.0,,,2022-01-03 20:38:35.5-05,2022-01-03 20:38:35.5-05
851,875,5556,1,1450.0,,,2022-01-03 20:38:35.5-05,2022-01-03 20:38:35.5-05
852,876,5553,6,2300.0,,,2022-01-03 20:38:35.5-05,2022-01-03 20:38:35.5-05
853,877,2502,2,2000.0,,,2022-01-03 20:38:35.5-05,2022-01-03 20:38:35.5-05
854,878,2411,250,30.0,,,2022-01-03 20:38:35.5-05,2022-01-03 20:38:35.5-05
855,879,1774,150,155.0,,,2022-01-03 20:38:35.5-05,2022-01-03 20:38:35.5-05
856,880,1793,250,275.0,,,2022-01-03 20:38:35.5-05,2022-01-03 20:38:35.5-05
857,881,5551,5,975.0,,,2022-01-03 20:38:35.5-05,2022-01-03 20:38:35.5-05
858,882,1774,150,155.0,,,2022-01-03 20:38:35.5-05,2022-01-03 20:38:35.5-05
859,883,1793,250,275.0,,,2022-01-03 20:38:35.5-05,2022-01-03 20:38:35.5-05
860,884,1774,150,155.0,,,2022-01-03 20:38:35.5-05,2022-01-03 20:38:35.5-05
861,885,1793,250,275.0,,,2022-01-03 20:38:35.5-05,2022-01-03 20:38:35.5-05
862,886,1774,150,155.0,,,2022-01-03 20:38:35.5-05,2022-01-03 20:38:35.5-05
863,887,5560,5,3500.0,,,2022-01-03 20:38:35.5-05,2022-01-03 20:38:35.5-05
864,888,5583,5,2550.0,,,2022-01-03 20:38:35.5-05,2022-01-03 20:38:35.5-05
865,889,5579,7,3150.0,,,2022-01-03 20:38:35.5-05,2022-01-03 20:38:35.5-05
866,890,5560,5,3500.0,,,2022-01-03 20:38:35.5-05,2022-01-03 20:38:35.5-05
867,891,5583,5,2550.0,,,2022-01-03 20:38:35.5-05,2022-01-03 20:38:35.5-05
868,892,5579,7,3250.0,,,2022-01-03 20:38:35.5-05,2022-01-03 20:38:35.5-05
869,893,5560,5,3500.0,,,2022-01-03 20:38:35.5-05,2022-01-03 20:38:35.5-05
870,894,5583,5,2550.0,,,2022-01-03 20:38:35.5-05,2022-01-03 20:38:35.5-05
871,895,5579,7,3150.0,,,2022-01-03 20:38:35.5-05,2022-01-03 20:38:35.5-05
872,896,2368,4,1000.0,,,2022-01-03 20:38:35.5-05,2022-01-03 20:38:35.5-05
873,897,2345,25,85.0,,,2022-01-03 20:38:35.5-05,2022-01-03 20:38:35.5-05
874,898,2637,100,1500.0,,,2022-01-03 20:38:35.5-05,2022-01-03 20:38:35.5-05
875,899,2637,12,1000.0,,,2022-01-03 20:38:35.5-05,2022-01-03 20:38:35.5-05
876,900,2455,30,200.0,,,2022-01-03 20:38:35.5-05,2022-01-03 20:38:35.5-05
877,901,2332,50,130.0,,,2022-01-03 20:38:35.5-05,2022-01-03 20:38:35.5-05
878,902,1793,250,275.0,,,2022-01-03 20:38:35.5-05,2022-01-03 20:38:35.5-05
879,903,1334,400,175.0,,,2022-01-03 20:38:35.5-05,2022-01-03 20:38:35.5-05
880,904,0,7,975.0,,,2022-01-03 20:38:35.5-05,2022-01-03 20:38:35.5-05
881,905,1446,50,65.0,,,2022-01-03 20:38:35.5-05,2022-01-03 20:38:35.5-05
882,906,0,15,25.0,,,2022-01-03 20:38:35.5-05,2022-01-03 20:38:35.5-05
883,907,1746,30,95.0,,,2022-01-03 20:38:35.5-05,2022-01-03 20:38:35.5-05
884,908,1504,100,20.0,,,2022-01-03 20:38:35.5-05,2022-01-03 20:38:35.5-05
885,909,5562,1,1650.0,,,2022-01-03 20:38:35.5-05,2022-01-03 20:38:35.5-05
886,910,5551,5,975.0,,,2022-01-03 20:38:35.5-05,2022-01-03 20:38:35.5-05
887,911,5553,2,2400.0,,,2022-01-03 20:38:35.5-05,2022-01-03 20:38:35.5-05
888,912,3648,1,600.0,,,2022-01-03 20:38:35.5-05,2022-01-03 20:38:35.5-05
889,913,2100,1,8000.0,,,2022-01-03 20:38:35.5-05,2022-01-03 20:38:35.5-05
890,914,5553,2,2350.0,,linda,2022-01-03 20:38:35.5-05,2022-01-03 20:38:35.5-05
891,915,192,47,150.0,,,2022-01-03 20:38:35.5-05,2022-01-03 20:38:35.5-05
892,916,1739,1,1100.0,,,2022-01-03 20:38:35.5-05,2022-01-03 20:38:35.5-05
893,917,5127,2,3800.0,,,2022-01-03 20:38:35.5-05,2022-01-03 20:38:35.5-05
894,918,2009,1,400.0,,,2022-01-03 20:38:35.5-05,2022-01-03 20:38:35.5-05
895,919,1477,1,1000.0,,quoted NEW guy there. he inquired about immediate shipping.,2022-01-03 20:38:35.5-05,2022-01-03 20:38:35.5-05
896,920,3117,2,375.0,,we're the only ones listing them @ $425.00.  | generic is much cheaper,2022-01-03 20:38:35.5-05,2022-01-03 20:38:35.5-05
897,921,5507,2,2550.0,,-QTY 1 in stock - ships today | -QTY 4 - Due in Thurs Jan 9. | ,2022-01-03 20:38:35.5-05,2022-01-03 20:38:35.5-05
898,922,5576,2,915.0,,comps around $940 on eBay. THIS IS A WRITE DOWN,2022-01-03 20:38:35.5-05,2022-01-03 20:38:35.5-05
899,923,5508,49,1500.0,,Arnav said he's quoting 120 servers. needs all the procs we have,2022-01-03 20:38:35.5-05,2022-01-03 20:38:35.5-05
900,924,3641,1,3500.0,,,2022-01-03 20:38:35.5-05,2022-01-03 20:38:35.5-05
901,925,3374,1,1400.0,,,2022-01-03 20:38:35.5-05,2022-01-03 20:38:35.5-05
902,926,3792,2,1775.0,,,2022-01-03 20:38:35.5-05,2022-01-03 20:38:35.5-05
903,927,3044,2,2900.0,,,2022-01-03 20:38:35.5-05,2022-01-03 20:38:35.5-05
904,928,5160,1,2800.0,,,2022-01-03 20:38:35.5-05,2022-01-03 20:38:35.5-05
905,929,1309,112,85.0,,cost average = 79.42,2022-01-03 20:38:35.5-05,2022-01-03 20:38:35.5-05
906,930,4023,1,3200.0,,Justin and Rhino posting @ 3495.00,2022-01-03 20:38:35.5-05,2022-01-03 20:38:35.5-05
907,931,4023,1,5500.0,,REF - 3200 | NEW - 5500,2022-01-03 20:38:35.5-05,2022-01-03 20:38:35.5-05
908,932,1477,1,1000.0,,,2022-01-03 20:38:35.5-05,2022-01-03 20:38:35.5-05
909,933,1477,1,1000.0,,,2022-01-03 20:38:35.5-05,2022-01-03 20:38:35.5-05
910,934,3008,1,2450.0,,,2022-01-03 20:38:35.5-05,2022-01-03 20:38:35.5-05
911,935,5534,4,1900.0,,,2022-01-03 20:38:35.5-05,2022-01-03 20:38:35.5-05
912,936,5534,4,2400.0,,quoted 830291-b21,2022-01-03 20:38:35.5-05,2022-01-03 20:38:35.5-05
913,937,2263,4,325.0,,,2022-01-03 20:38:35.5-05,2022-01-03 20:38:35.5-05
914,938,2017,1,150.0,,,2022-01-03 20:38:35.5-05,2022-01-03 20:38:35.5-05
915,939,1307,180,36.0,,,2022-01-03 20:38:35.5-05,2022-01-03 20:38:35.5-05
916,940,4018,1,4500.0,,,2022-01-03 20:38:35.5-05,2022-01-03 20:38:35.5-05
917,941,4018,1,6500.0,,NEW CTO BUILD,2022-01-03 20:38:35.5-05,2022-01-03 20:38:35.5-05
918,942,0,2,1500.0,,,2022-01-03 20:38:35.5-05,2022-01-03 20:38:35.5-05
919,943,0,8,55.0,,,2022-01-03 20:38:35.5-05,2022-01-03 20:38:35.5-05
920,944,1746,30,90.0,,,2022-01-03 20:38:35.5-05,2022-01-03 20:38:35.5-05
921,945,2637,12,1000.0,,,2022-01-03 20:38:35.5-05,2022-01-03 20:38:35.5-05
922,946,1376,8,240.0,,,2022-01-03 20:38:35.5-05,2022-01-03 20:38:35.5-05
923,947,1309,50,88.0,,,2022-01-03 20:38:35.5-05,2022-01-03 20:38:35.5-05
924,948,1565,1,225.0,,,2022-01-03 20:38:35.5-05,2022-01-03 20:38:35.5-05
925,949,1774,16,130.0,,,2022-01-03 20:38:35.5-05,2022-01-03 20:38:35.5-05
926,950,5517,2,2050.0,,,2022-01-03 20:38:35.5-05,2022-01-03 20:38:35.5-05
927,951,1540,1,300.0,,,2022-01-03 20:38:35.5-05,2022-01-03 20:38:35.5-05
928,952,1612,5,1150.0,,,2022-01-03 20:38:35.5-05,2022-01-03 20:38:35.5-05
929,953,1612,13,1100.0,,,2022-01-03 20:38:35.5-05,2022-01-03 20:38:35.5-05
930,954,2502,2,2000.0,,,2022-01-03 20:38:35.5-05,2022-01-03 20:38:35.5-05
931,955,5508,2,1450.0,,,2022-01-03 20:38:35.5-05,2022-01-03 20:38:35.5-05
932,956,1978,13,25.0,,,2022-01-03 20:38:35.5-05,2022-01-03 20:38:35.5-05
933,957,5553,2,2250.0,,,2022-01-03 20:38:35.5-05,2022-01-03 20:38:35.5-05
934,958,1262,1,275.0,,,2022-01-03 20:38:35.5-05,2022-01-03 20:38:35.5-05
935,959,5508,49,1450.0,,,2022-01-03 20:38:35.5-05,2022-01-03 20:38:35.5-05
936,960,5127,1,4250.0,,,2022-01-03 20:38:35.5-05,2022-01-03 20:38:35.5-05
937,961,2502,2,2000.0,,,2022-01-03 20:38:35.5-05,2022-01-03 20:38:35.5-05
938,962,0,8,160.0,,,2022-01-03 20:38:35.5-05,2022-01-03 20:38:35.5-05
939,963,0,5,85.0,,Quoted $85 Each  | Joe working is working on an order. ,2022-01-03 20:38:35.5-05,2022-01-03 20:38:35.5-05
940,964,0,5,85.0,,Quoted $85 Each  | Joe working is working on an order. ,2022-01-03 20:38:35.5-05,2022-01-03 20:38:35.5-05
941,965,1746,20,70.0,,"Quoted $70 each, special offer only to this company. | To make up for previous deal in 2018. ",2022-01-03 20:38:35.5-05,2022-01-03 20:38:35.5-05
942,966,5150,1,5500.0,,,2022-01-03 20:38:35.5-05,2022-01-03 20:38:35.5-05
943,967,1334,8,160.0,,,2022-01-03 20:38:35.5-05,2022-01-03 20:38:35.5-05
944,968,0,500,11.0,,,2022-01-03 20:38:35.5-05,2022-01-03 20:38:35.5-05
945,969,1309,57,90.0,,,2022-01-03 20:38:35.5-05,2022-01-03 20:38:35.5-05
946,970,0,8,10.0,,Quote $10each ,2022-01-03 20:38:35.5-05,2022-01-03 20:38:35.5-05
947,971,0,1,40.0,,Just needs one piece. ,2022-01-03 20:38:35.5-05,2022-01-03 20:38:35.5-05
948,972,1774,32,130.0,,,2022-01-03 20:38:35.5-05,2022-01-03 20:38:35.5-05
949,973,0,5,90.0,,Waiting for his PO and $90 sounds good for them,2022-01-03 20:38:35.5-05,2022-01-03 20:38:35.5-05
950,974,5551,6,925.0,,,2022-01-03 20:38:35.5-05,2022-01-03 20:38:35.5-05
951,975,5504,4,2150.0,,,2022-01-03 20:38:35.5-05,2022-01-03 20:38:35.5-05
952,976,2337,16,210.0,,,2022-01-03 20:38:35.5-05,2022-01-03 20:38:35.5-05
953,977,2254,1,1750.0,,,2022-01-03 20:38:35.5-05,2022-01-03 20:38:35.5-05
954,978,3951,2,850.0,,,2022-01-03 20:38:35.5-05,2022-01-03 20:38:35.5-05
955,979,0,2,1800.0,,,2022-01-03 20:38:35.5-05,2022-01-03 20:38:35.5-05
956,980,2176,1,300.0,,,2022-01-03 20:38:35.5-05,2022-01-03 20:38:35.5-05
957,981,5569,4,405.0,,,2022-01-03 20:38:35.5-05,2022-01-03 20:38:35.5-05
958,982,1038,6,225.0,,wants 8 pcs. | C: $35.00,2022-01-03 20:38:35.5-05,2022-01-03 20:38:35.5-05
959,983,3671,127,35.0,,He originally requested 350 pcs | CN / HK will pay $33.50 for 3000+ pcs |  | Looks like Hynix / Samsung are preferred,2022-01-03 20:38:35.5-05,2022-01-03 20:38:35.5-05
960,984,1818,2,4075.0,,easy to build -E5-2680v4 + 805351-B21 | He also wanted 619291-B21 / 765466-B21,2022-01-03 20:38:35.5-05,2022-01-03 20:38:35.5-05
961,985,1226,48,75.0,,Wanted these landed to CA. i quoted shipping separately.,2022-01-03 20:38:35.5-05,2022-01-03 20:38:35.5-05
962,986,1309,100,80.0,,No target offered. He wanted to make sure it was all genuine HP.,2022-01-03 20:38:35.5-05,2022-01-03 20:38:35.5-05
963,987,1309,75,80.0,,asked for 752372-081. SERVICE COMPANY REQ?,2022-01-03 20:38:35.5-05,2022-01-03 20:38:35.5-05
964,988,1341,1,250.0,,,2022-01-03 20:38:35.5-05,2022-01-03 20:38:35.5-05
965,989,0,14,50.0,,,2022-01-03 20:38:35.5-05,2022-01-03 20:38:35.5-05
966,990,4278,1,4400.0,,,2022-01-03 20:38:35.5-05,2022-01-03 20:38:35.5-05
967,991,4366,1,700.0,,,2022-01-03 20:38:35.5-05,2022-01-03 20:38:35.5-05
968,992,0,1,1900.0,,,2022-01-03 20:38:35.5-05,2022-01-03 20:38:35.5-05
969,993,3725,5,1350.0,,,2022-01-03 20:38:35.5-05,2022-01-03 20:38:35.5-05
970,994,3804,2,295.0,,,2022-01-03 20:38:35.5-05,2022-01-03 20:38:35.5-05
971,995,3804,1,295.0,,,2022-01-03 20:38:35.5-05,2022-01-03 20:38:35.5-05
972,996,2635,12,275.0,,,2022-01-03 20:38:35.5-05,2022-01-03 20:38:35.5-05
973,997,1307,40,40.0,,,2022-01-03 20:38:35.5-05,2022-01-03 20:38:35.5-05
974,998,1309,128,88.57,,Pedro said the quote was good.,2022-01-03 20:38:35.5-05,2022-01-03 20:38:35.5-05
975,999,4017,1,5000.0,,new,2022-01-03 20:38:35.5-05,2022-01-03 20:38:35.5-05
976,1000,4017,1,3600.0,,used,2022-01-03 20:38:35.5-05,2022-01-03 20:38:35.5-05
977,1001,4016,1,3200.0,,new,2022-01-03 20:38:35.5-05,2022-01-03 20:38:35.5-05
978,1002,4016,1,2300.0,,used,2022-01-03 20:38:35.5-05,2022-01-03 20:38:35.5-05
979,1003,0,4,2250.0,,,2022-01-03 20:38:35.5-05,2022-01-03 20:38:35.5-05
980,1004,5583,32,3000.0,,,2022-01-03 20:38:35.5-05,2022-01-03 20:38:35.5-05
981,1005,0,2,5250.0,,,2022-01-03 20:38:35.5-05,2022-01-03 20:38:35.5-05
982,1006,5526,1,2150.0,,,2022-01-03 20:38:35.5-05,2022-01-03 20:38:35.5-05
983,1007,2587,12,330.0,,,2022-01-03 20:38:35.5-05,2022-01-03 20:38:35.5-05
984,1008,2254,1,1750.0,,,2022-01-03 20:38:35.5-05,2022-01-03 20:38:35.5-05
985,1009,2254,1,1750.0,,,2022-01-03 20:38:35.5-05,2022-01-03 20:38:35.5-05
986,1010,1309,30,89.0,,Erik is an IBM guy,2022-01-03 20:38:35.5-05,2022-01-03 20:38:35.5-05
987,1011,0,5,420.0,,,2022-01-03 20:38:35.5-05,2022-01-03 20:38:35.5-05
988,1012,1746,1,85.0,,,2022-01-03 20:38:35.5-05,2022-01-03 20:38:35.5-05
989,1013,1370,1,750.0,,,2022-01-03 20:38:35.5-05,2022-01-03 20:38:35.5-05
990,1014,2642,24,100.0,,,2022-01-03 20:38:35.5-05,2022-01-03 20:38:35.5-05
991,1015,1350,14,25.0,,,2022-01-03 20:38:35.5-05,2022-01-03 20:38:35.5-05
992,1016,0,4,450.0,,,2022-01-03 20:38:35.5-05,2022-01-03 20:38:35.5-05
993,1017,3978,7,8.0,,,2022-01-03 20:38:35.5-05,2022-01-03 20:38:35.5-05
994,1018,2587,56,360.0,,,2022-01-03 20:38:35.5-05,2022-01-03 20:38:35.5-05
995,1019,192,39,200.0,,,2022-01-03 20:38:35.5-05,2022-01-03 20:38:35.5-05
996,1020,0,2,2500.0,,,2022-01-03 20:38:35.5-05,2022-01-03 20:38:35.5-05
997,1021,5153,1,2100.0,,,2022-01-03 20:38:35.5-05,2022-01-03 20:38:35.5-05
998,1022,5524,4,300.0,,,2022-01-03 20:38:35.5-05,2022-01-03 20:38:35.5-05
999,1023,1776,50,395.0,,,2022-01-03 20:38:35.5-05,2022-01-03 20:38:35.5-05
1000,1024,1309,130,95.0,,,2022-01-03 20:38:35.5-05,2022-01-03 20:38:35.5-05
1001,1025,1340,2,250.0,,this was plugs into the FIO slot on the board. not the regular PCIe,2022-01-03 20:38:35.5-05,2022-01-03 20:38:35.5-05
1002,1026,1307,80,40.0,,bought 64 yesterday and 16 today,2022-01-03 20:38:35.5-05,2022-01-03 20:38:35.5-05
1003,1027,0,20,325.0,,,2022-01-03 20:38:35.5-05,2022-01-03 20:38:35.5-05
1004,1028,3379,1,1600.0,,,2022-01-03 20:38:35.5-05,2022-01-03 20:38:35.5-05
1005,1029,3378,1,3000.0,,,2022-01-03 20:38:35.5-05,2022-01-03 20:38:35.5-05
1006,1030,4274,105,125.0,,Mark will quote his customer @ $150.00 to try to win the deal. He needs 200 pcs.  | Mentioned if I know how many of them are SEAGATE. Told him they're F/S so i don't know.,2022-01-03 20:38:35.5-05,2022-01-03 20:38:35.5-05
1007,1031,0,22,42.0,,,2022-01-03 20:38:35.5-05,2022-01-03 20:38:35.5-05
1008,1032,1455,6,42.0,,,2022-01-03 20:38:35.5-05,2022-01-03 20:38:35.5-05
1009,1033,0,10,90.0,,,2022-01-03 20:38:35.5-05,2022-01-03 20:38:35.5-05
1010,1034,5518,8,650.0,,Found on eBay @ $500.00 | Macmotive + 2 others,2022-01-03 20:38:35.5-05,2022-01-03 20:38:35.5-05
1011,1035,1774,96,137.0,,Justin has them on eBay @ $147.46,2022-01-03 20:38:35.5-05,2022-01-03 20:38:35.5-05
1012,1036,1774,92,130.0,,,2022-01-03 20:38:35.5-05,2022-01-03 20:38:35.5-05
1013,1037,5551,2,1000.0,,,2022-01-03 20:38:35.5-05,2022-01-03 20:38:35.5-05
1014,1038,3382,1,500.0,,,2022-01-03 20:38:35.5-05,2022-01-03 20:38:35.5-05
1015,1039,5579,13,3200.0,,,2022-01-03 20:38:35.5-05,2022-01-03 20:38:35.5-05
1016,1040,2637,8,845.0,,,2022-01-03 20:38:35.5-05,2022-01-03 20:38:35.5-05
1017,1041,3978,86,7.0,,,2022-01-03 20:38:35.5-05,2022-01-03 20:38:35.5-05
1018,1042,1309,100,125.0,,disregard cheapest on eBay,2022-01-03 20:38:35.5-05,2022-01-03 20:38:35.5-05
1019,1043,2776,13,275.0,,,2022-01-03 20:38:35.5-05,2022-01-03 20:38:35.5-05
1020,1044,1898,6,1550.0,,,2022-01-03 20:38:35.5-05,2022-01-03 20:38:35.5-05
1021,1045,1309,1,95.0,,,2022-01-03 20:38:35.5-05,2022-01-03 20:38:35.5-05
1022,1046,5127,1,4100.0,,refurb,2022-01-03 20:38:35.5-05,2022-01-03 20:38:35.5-05
1023,1047,1832,24,195.0,,,2022-01-03 20:38:35.5-05,2022-01-03 20:38:35.5-05
1024,1048,5550,2,1975.0,,,2022-01-03 20:38:35.5-05,2022-01-03 20:38:35.5-05
1025,1049,5526,1,2150.0,,,2022-01-03 20:38:35.5-05,2022-01-03 20:38:35.5-05
1026,1050,5508,39,1550.0,,,2022-01-03 20:38:35.5-05,2022-01-03 20:38:35.5-05
1027,1051,0,4,1850.0,,,2022-01-03 20:38:35.5-05,2022-01-03 20:38:35.5-05
1028,1052,2912,4,2900.0,,,2022-01-03 20:38:35.5-05,2022-01-03 20:38:35.5-05
1029,1053,5144,1,4700.0,,,2022-01-03 20:38:35.5-05,2022-01-03 20:38:35.5-05
1030,1054,5742,8,183.0,,,2022-01-03 20:38:35.5-05,2022-01-03 20:38:35.5-05
1031,1055,5583,2,1950.0,,,2022-01-03 20:38:35.5-05,2022-01-03 20:38:35.5-05
1032,1056,1038,6,250.0,,,2022-01-03 20:38:35.5-05,2022-01-03 20:38:35.5-05
1033,1057,1955,4,2550.0,,,2022-01-03 20:38:35.5-05,2022-01-03 20:38:35.5-05
1034,1058,0,1,950.0,,,2022-01-03 20:38:35.5-05,2022-01-03 20:38:35.5-05
1035,1059,5577,4,1750.0,,,2022-01-03 20:38:35.5-05,2022-01-03 20:38:35.5-05
1036,1060,2587,10,400.0,,,2022-01-03 20:38:35.5-05,2022-01-03 20:38:35.5-05
1037,1061,0,2,3150.0,,4108s around $400 ea + 256GB boot SSD.,2022-01-03 20:38:35.5-05,2022-01-03 20:38:35.5-05
1038,1062,2410,20,30.0,,,2022-01-03 20:38:35.5-05,2022-01-03 20:38:35.5-05
1039,1063,4406,2,137.0,,Dover usually buys,2022-01-03 20:38:35.5-05,2022-01-03 20:38:35.5-05
1040,1064,2587,6,385.0,,,2022-01-03 20:38:35.5-05,2022-01-03 20:38:35.5-05
1041,1065,0,1,1795.0,,,2022-01-03 20:38:35.5-05,2022-01-03 20:38:35.5-05
1042,1066,181,4,350.0,,0F27398 - QTY 4 | He wanted 5 units of the 07FPR,2022-01-03 20:38:35.5-05,2022-01-03 20:38:35.5-05
1043,1067,2176,1,275.0,,,2022-01-03 20:38:35.5-05,2022-01-03 20:38:35.5-05
1044,1068,2635,6,325.0,,,2022-01-03 20:38:35.5-05,2022-01-03 20:38:35.5-05
1045,1069,5579,13,3175.0,,spoke to Jay,2022-01-03 20:38:35.5-05,2022-01-03 20:38:35.5-05
1046,1070,5508,39,1050.0,,staying in line with previous quote.  | quoted Jay. she will quote it out,2022-01-03 20:38:35.5-05,2022-01-03 20:38:35.5-05
1047,1071,2643,17,165.0,,Got em on eBay @ $185,2022-01-03 20:38:35.5-05,2022-01-03 20:38:35.5-05
1048,1072,3504,1,2150.0,,,2022-01-03 20:38:35.5-05,2022-01-03 20:38:35.5-05
1049,1073,3218,2,320.0,,,2022-01-03 20:38:35.5-05,2022-01-03 20:38:35.5-05
1050,1074,5130,1,5250.0,,,2022-01-03 20:38:35.5-05,2022-01-03 20:38:35.5-05
1051,1075,5742,48,183.0,,,2022-01-03 20:38:35.5-05,2022-01-03 20:38:35.5-05
1052,1076,5742,48,183.0,,,2022-01-03 20:38:35.5-05,2022-01-03 20:38:35.5-05
1053,1077,5742,32,183.0,,,2022-01-03 20:38:35.5-05,2022-01-03 20:38:35.5-05
1054,1078,2072,4,3450.0,,,2022-01-03 20:38:35.5-05,2022-01-03 20:38:35.5-05
1055,1079,5126,4,4500.0,,,2022-01-03 20:38:35.5-05,2022-01-03 20:38:35.5-05
1056,1080,1334,290,175.0,,we can find them.,2022-01-03 20:38:35.5-05,2022-01-03 20:38:35.5-05
1057,1081,121,2,800.0,,,2022-01-03 20:38:35.5-05,2022-01-03 20:38:35.5-05
1058,1082,0,3,350.0,,,2022-01-03 20:38:35.5-05,2022-01-03 20:38:35.5-05
1059,1083,3789,10,1650.0,,,2022-01-03 20:38:35.5-05,2022-01-03 20:38:35.5-05
1060,1084,3389,1,625.0,,,2022-01-03 20:38:35.5-05,2022-01-03 20:38:35.5-05
1061,1085,2254,1,1750.0,,,2022-01-03 20:38:35.5-05,2022-01-03 20:38:35.5-05
1062,1086,5508,2,1450.0,,,2022-01-03 20:38:35.5-05,2022-01-03 20:38:35.5-05
1063,1087,5130,2,6000.0,,new cto  | ,2022-01-03 20:38:35.5-05,2022-01-03 20:38:35.5-05
1064,1088,5579,2,3100.0,,,2022-01-03 20:38:35.5-05,2022-01-03 20:38:35.5-05
1065,1089,5475,2,700.0,,Dee sending PO.,2022-01-03 20:38:35.5-05,2022-01-03 20:38:35.5-05
1066,1090,5576,3,725.0,,,2022-01-03 20:38:35.5-05,2022-01-03 20:38:35.5-05
1067,1091,5117,1,3000.0,,,2022-01-03 20:38:35.5-05,2022-01-03 20:38:35.5-05
1068,1092,2910,2,3475.0,,,2022-01-03 20:38:35.5-05,2022-01-03 20:38:35.5-05
1069,1093,5553,1,2465.0,,Guys @ $2499,2022-01-03 20:38:35.5-05,2022-01-03 20:38:35.5-05
1070,1094,1952,2,1950.0,,,2022-01-03 20:38:35.5-05,2022-01-03 20:38:35.5-05
1071,1095,2056,4,2100.0,,,2022-01-03 20:38:35.5-05,2022-01-03 20:38:35.5-05
1072,1096,0,5,2300.0,,we're finding these @ $1800.00. ,2022-01-03 20:38:35.5-05,2022-01-03 20:38:35.5-05
1073,1097,1913,5,2300.0,,,2022-01-03 20:38:35.5-05,2022-01-03 20:38:35.5-05
1074,1098,5161,1,2750.0,,new on eBay @ $2800.00,2022-01-03 20:38:35.5-05,2022-01-03 20:38:35.5-05
1075,1099,2411,100,75.0,,Says he wants to stock. responded to quote saying he buys from China @ $20.00,2022-01-03 20:38:35.5-05,2022-01-03 20:38:35.5-05
1076,1100,1122,10,75.0,,,2022-01-03 20:38:35.5-05,2022-01-03 20:38:35.5-05
1077,1101,1906,4,2150.0,,,2022-01-03 20:38:35.5-05,2022-01-03 20:38:35.5-05
1078,1102,2653,1,6500.0,,,2022-01-03 20:38:35.5-05,2022-01-03 20:38:35.5-05
1079,1103,2326,1,1250.0,,for the refurb with missing clip,2022-01-03 20:38:35.5-05,2022-01-03 20:38:35.5-05
1080,1104,4023,1,3250.0,,refurb,2022-01-03 20:38:35.5-05,2022-01-03 20:38:35.5-05
1081,1105,121,1,1150.0,,,2022-01-03 20:38:35.5-05,2022-01-03 20:38:35.5-05
1082,1106,1898,4,1450.0,,seeing procs from $800 - $1200 on eBay,2022-01-03 20:38:35.5-05,2022-01-03 20:38:35.5-05
1083,1107,3332,2,900.0,,all listed prices are $1000.00+ from disti,2022-01-03 20:38:35.5-05,2022-01-03 20:38:35.5-05
1084,1108,3332,2,900.0,,,2022-01-03 20:38:35.5-05,2022-01-03 20:38:35.5-05
1085,1109,0,1,4950.0,,refurb,2022-01-03 20:38:35.5-05,2022-01-03 20:38:35.5-05
1086,1110,5526,1,2150.0,,,2022-01-03 20:38:35.5-05,2022-01-03 20:38:35.5-05
1087,1111,0,2,225.0,,refurb,2022-01-03 20:38:35.5-05,2022-01-03 20:38:35.5-05
1088,1112,0,6,150.0,,,2022-01-03 20:38:35.5-05,2022-01-03 20:38:35.5-05
1089,1113,3161,1,750.0,,refurb ,2022-01-03 20:38:35.5-05,2022-01-03 20:38:35.5-05
1090,1114,2326,1,1250.0,,,2022-01-03 20:38:35.5-05,2022-01-03 20:38:35.5-05
1091,1115,1774,68,130.0,,,2022-01-03 20:38:35.5-05,2022-01-03 20:38:35.5-05
1092,1116,2562,1,3850.0,,,2022-01-03 20:38:35.5-05,2022-01-03 20:38:35.5-05
1093,1117,1637,2,10.0,,,2022-01-03 20:38:35.5-05,2022-01-03 20:38:35.5-05
1094,1118,929,2,40.0,,,2022-01-03 20:38:35.5-05,2022-01-03 20:38:35.5-05
1095,1119,3671,100,40.0,,,2022-01-03 20:38:35.5-05,2022-01-03 20:38:35.5-05
1096,1120,3949,2,625.0,,,2022-01-03 20:38:35.5-05,2022-01-03 20:38:35.5-05
1097,1121,4277,1,4000.0,,Can build from N9Y11A,2022-01-03 20:38:35.5-05,2022-01-03 20:38:35.5-05
1098,1122,1341,1,285.0,,,2022-01-03 20:38:35.5-05,2022-01-03 20:38:35.5-05
1099,1123,1904,6,2100.0,,Linda,2022-01-03 20:38:35.5-05,2022-01-03 20:38:35.5-05
1100,1124,2410,20,25.0,,quoted Jesse,2022-01-03 20:38:35.5-05,2022-01-03 20:38:35.5-05
1101,1125,2562,1,3850.0,,,2022-01-03 20:38:35.5-05,2022-01-03 20:38:35.5-05
1102,1126,2410,30,35.0,,,2022-01-03 20:38:35.5-05,2022-01-03 20:38:35.5-05
1103,1127,2066,1,2650.0,,,2022-01-03 20:38:35.5-05,2022-01-03 20:38:35.5-05
1104,1128,121,1,900.0,,,2022-01-03 20:38:35.5-05,2022-01-03 20:38:35.5-05
1105,1129,4366,1,450.0,,,2022-01-03 20:38:35.5-05,2022-01-03 20:38:35.5-05
1106,1130,5127,2,4500.0,,,2022-01-03 20:38:35.5-05,2022-01-03 20:38:35.5-05
1107,1131,2116,4,220.0,,,2022-01-03 20:38:35.5-05,2022-01-03 20:38:35.5-05
1108,1132,0,10,1450.0,,,2022-01-03 20:38:35.5-05,2022-01-03 20:38:35.5-05
1109,1133,1505,1,105.0,,$120 on eBay,2022-01-03 20:38:35.5-05,2022-01-03 20:38:35.5-05
1110,1134,4023,2,4800.0,,Q1J01A @ $5000.00 on eBay,2022-01-03 20:38:35.5-05,2022-01-03 20:38:35.5-05
1111,1135,5189,2,35000.0,,with both drive bundles and nic bundle,2022-01-03 20:38:35.5-05,2022-01-03 20:38:35.5-05
1112,1136,1553,2,1000.0,,Heilman,2022-01-03 20:38:35.5-05,2022-01-03 20:38:35.5-05
1113,1137,5556,6,1400.0,,Chris - quoting for build,2022-01-03 20:38:35.5-05,2022-01-03 20:38:35.5-05
1114,1138,5508,1,950.0,,Just took it to get a deal going,2022-01-03 20:38:35.5-05,2022-01-03 20:38:35.5-05
1115,1139,2411,100,50.0,,Jesse,2022-01-03 20:38:35.5-05,2022-01-03 20:38:35.5-05
1116,1140,1737,1,600.0,,,2022-01-03 20:38:35.5-05,2022-01-03 20:38:35.5-05
1117,1141,2178,1,200.0,,,2022-01-03 20:38:35.5-05,2022-01-03 20:38:35.5-05
1118,1142,2787,1,1250.0,,clip damage unit  | ,2022-01-03 20:38:35.5-05,2022-01-03 20:38:35.5-05
1119,1143,147,1,50.0,,,2022-01-03 20:38:35.5-05,2022-01-03 20:38:35.5-05
1120,1144,0,1,225.0,,refurb,2022-01-03 20:38:35.5-05,2022-01-03 20:38:35.5-05
1121,1145,5508,30,1000.0,,,2022-01-03 20:38:35.5-05,2022-01-03 20:38:35.5-05
1122,1146,1774,68,137.0,,Sheldon @ $146 online,2022-01-03 20:38:35.5-05,2022-01-03 20:38:35.5-05
1123,1147,0,12,110.0,,,2022-01-03 20:38:35.5-05,2022-01-03 20:38:35.5-05
1124,1148,3344,1,1550.0,,,2022-01-03 20:38:35.5-05,2022-01-03 20:38:35.5-05
1125,1149,5507,1,2250.0,,,2022-01-03 20:38:35.5-05,2022-01-03 20:38:35.5-05
1126,1150,2326,2,1250.0,,,2022-01-03 20:38:35.5-05,2022-01-03 20:38:35.5-05
1127,1151,5556,16,1400.0,,,2022-01-03 20:38:35.5-05,2022-01-03 20:38:35.5-05
1128,1152,4366,4,450.0,,,2022-01-03 20:38:35.5-05,2022-01-03 20:38:35.5-05
1129,1153,2640,12,125.0,,,2022-01-03 20:38:35.5-05,2022-01-03 20:38:35.5-05
1130,1154,1612,1,1150.0,,,2022-01-03 20:38:35.5-05,2022-01-03 20:38:35.5-05
1131,1155,5477,6,350.0,,,2022-01-03 20:38:35.5-05,2022-01-03 20:38:35.5-05
1132,1156,2502,1,2000.0,,refurb,2022-01-03 20:38:35.5-05,2022-01-03 20:38:35.5-05
1133,1157,2218,5,35.0,,,2022-01-03 20:38:35.5-05,2022-01-03 20:38:35.5-05
1134,1158,3776,1,40.0,,,2022-01-03 20:38:35.5-05,2022-01-03 20:38:35.5-05
1135,1159,5560,5,3100.0,,,2022-01-03 20:38:35.5-05,2022-01-03 20:38:35.5-05
1136,1160,1489,5,75.0,,Tara wants 7 pcs,2022-01-03 20:38:35.5-05,2022-01-03 20:38:35.5-05
1137,1161,5513,1,525.0,,Tara,2022-01-03 20:38:35.5-05,2022-01-03 20:38:35.5-05
1138,1162,102,4,140.0,,,2022-01-03 20:38:35.5-05,2022-01-03 20:38:35.5-05
1139,1163,4682,1,140.0,,,2022-01-03 20:38:35.5-05,2022-01-03 20:38:35.5-05
1140,1164,2218,8,35.0,,Mark,2022-01-03 20:38:35.5-05,2022-01-03 20:38:35.5-05
1141,1165,5155,1,5750.0,,,2022-01-03 20:38:35.5-05,2022-01-03 20:38:35.5-05
1142,1166,1739,1,1400.0,,,2022-01-03 20:38:35.5-05,2022-01-03 20:38:35.5-05
1143,1167,5127,2,4500.0,,refurb,2022-01-03 20:38:35.5-05,2022-01-03 20:38:35.5-05
1144,1168,5526,1,2250.0,,,2022-01-03 20:38:35.5-05,2022-01-03 20:38:35.5-05
1145,1169,939,2,96.0,,Julie,2022-01-03 20:38:35.5-05,2022-01-03 20:38:35.5-05
1146,1170,3941,6,275.0,,,2022-01-03 20:38:35.5-05,2022-01-03 20:38:35.5-05
1147,1171,3941,6,275.0,,,2022-01-03 20:38:35.5-05,2022-01-03 20:38:35.5-05
1148,1172,4115,1,2700.0,,,2022-01-03 20:38:35.5-05,2022-01-03 20:38:35.5-05
1149,1173,192,8,115.0,,Wants pics,2022-01-03 20:38:35.5-05,2022-01-03 20:38:35.5-05
1150,1174,1976,2,1250.0,,Tier 1 @ $1258 for 6 pcs. | CPU on eBay for $1100.00,2022-01-03 20:38:35.5-05,2022-01-03 20:38:35.5-05
1151,1175,1239,1,45.0,,,2022-01-03 20:38:35.5-05,2022-01-03 20:38:35.5-05
1152,1176,1612,1,1150.0,,,2022-01-03 20:38:35.5-05,2022-01-03 20:38:35.5-05
1153,1177,1446,50,125.0,,with battery,2022-01-03 20:38:35.5-05,2022-01-03 20:38:35.5-05
1154,1178,1833,4,375.0,,,2022-01-03 20:38:35.5-05,2022-01-03 20:38:35.5-05
1155,1179,2254,1,1500.0,,,2022-01-03 20:38:35.5-05,2022-01-03 20:38:35.5-05
1156,1180,5562,2,1500.0,,,2022-01-03 20:38:35.5-05,2022-01-03 20:38:35.5-05
1157,1181,2942,24,10950.0,,,2022-01-03 20:38:35.5-05,2022-01-03 20:38:35.5-05
1158,1182,4023,2,4600.0,,,2022-01-03 20:38:35.5-05,2022-01-03 20:38:35.5-05
1159,1183,2635,3,325.0,,,2022-01-03 20:38:35.5-05,2022-01-03 20:38:35.5-05
1160,1184,1612,1,1150.0,,new pull ,2022-01-03 20:38:35.5-05,2022-01-03 20:38:35.5-05
1161,1185,0,2,1250.0,,,2022-01-03 20:38:35.5-05,2022-01-03 20:38:35.5-05
1162,1186,3817,2,195.0,,,2022-01-03 20:38:35.5-05,2022-01-03 20:38:35.5-05
1163,1187,5507,7,2300.0,,,2022-01-03 20:38:35.5-05,2022-01-03 20:38:35.5-05
1164,1188,4682,4,150.0,,Linda,2022-01-03 20:38:35.5-05,2022-01-03 20:38:35.5-05
1165,1189,1746,3,95.0,,,2022-01-03 20:38:35.5-05,2022-01-03 20:38:35.5-05
1166,1190,192,35,115.0,,,2022-01-03 20:38:35.5-05,2022-01-03 20:38:35.5-05
1167,1191,5508,4,1300.0,,,2022-01-03 20:38:35.5-05,2022-01-03 20:38:35.5-05
1168,1192,0,1,150.0,,,2022-01-03 20:38:35.5-05,2022-01-03 20:38:35.5-05
1169,1193,5508,10,1050.0,,they check eBay,2022-01-03 20:38:35.5-05,2022-01-03 20:38:35.5-05
1170,1194,3958,1,900.0,,,2022-01-03 20:38:35.5-05,2022-01-03 20:38:35.5-05
1171,1195,1477,1,1250.0,,,2022-01-03 20:38:35.5-05,2022-01-03 20:38:35.5-05
1172,1196,1612,1,1150.0,,,2022-01-03 20:38:35.5-05,2022-01-03 20:38:35.5-05
1173,1197,2016,4,150.0,,,2022-01-03 20:38:35.5-05,2022-01-03 20:38:35.5-05
1174,1198,5127,1,4250.0,,refurb | ,2022-01-03 20:38:35.5-05,2022-01-03 20:38:35.5-05
1175,1199,5579,1,3050.0,,,2022-01-03 20:38:35.5-05,2022-01-03 20:38:35.5-05
1176,1200,0,2,2750.0,,,2022-01-03 20:38:35.5-05,2022-01-03 20:38:35.5-05
1177,1201,0,2,2750.0,,,2022-01-03 20:38:35.5-05,2022-01-03 20:38:35.5-05
1178,1202,0,2,2750.0,,,2022-01-03 20:38:35.5-05,2022-01-03 20:38:35.5-05
1179,1203,0,2,2750.0,,,2022-01-03 20:38:35.5-05,2022-01-03 20:38:35.5-05
1180,1204,0,2,2950.0,,,2022-01-03 20:38:35.5-05,2022-01-03 20:38:35.5-05
1181,1205,2642,24,125.0,,,2022-01-03 20:38:35.5-05,2022-01-03 20:38:35.5-05
1182,1206,89,6,900.0,,,2022-01-03 20:38:35.5-05,2022-01-03 20:38:35.5-05
1183,1207,4023,1,3250.0,,REF - $3250 | NEW -$4600,2022-01-03 20:38:35.5-05,2022-01-03 20:38:35.5-05
1184,1208,4023,1,4600.0,,NEW - $4600 | REF - $3250,2022-01-03 20:38:35.5-05,2022-01-03 20:38:35.5-05
1185,1209,2326,2,1250.0,,refurb,2022-01-03 20:38:35.5-05,2022-01-03 20:38:35.5-05
1186,1210,4023,1,3450.0,,refurb unit ,2022-01-03 20:38:35.5-05,2022-01-03 20:38:35.5-05
1187,1211,1739,2,975.0,,,2022-01-03 20:38:35.5-05,2022-01-03 20:38:35.5-05
1188,1212,3374,2,1200.0,,,2022-01-03 20:38:35.5-05,2022-01-03 20:38:35.5-05
1189,1213,1886,10,950.0,,,2022-01-03 20:38:35.5-05,2022-01-03 20:38:35.5-05
1190,1214,5557,4,2600.0,,Cust had offers at just above.,2022-01-03 20:38:35.5-05,2022-01-03 20:38:35.5-05
1191,1215,3830,1,400.0,,,2022-01-03 20:38:35.5-05,2022-01-03 20:38:35.5-05
1192,1216,1944,12,950.0,,,2022-01-03 20:38:35.5-05,2022-01-03 20:38:35.5-05
1193,1217,3830,6,400.0,,,2022-01-03 20:38:35.5-05,2022-01-03 20:38:35.5-05
1194,1218,3819,1,275.0,,,2022-01-03 20:38:35.5-05,2022-01-03 20:38:35.5-05
1195,1219,3161,6,900.0,,Mike Koz,2022-01-03 20:38:35.5-05,2022-01-03 20:38:35.5-05
1196,1220,0,4,60.0,,,2022-01-03 20:38:35.5-05,2022-01-03 20:38:35.5-05
1197,1221,5552,1,1975.0,,,2022-01-03 20:38:35.5-05,2022-01-03 20:38:35.5-05
1198,1222,5482,24,75.0,,,2022-01-03 20:38:35.5-05,2022-01-03 20:38:35.5-05
1199,1223,2951,2,950.0,,,2022-01-03 20:38:35.5-05,2022-01-03 20:38:35.5-05
1200,1224,5155,1,5750.0,,,2022-01-03 20:38:35.5-05,2022-01-03 20:38:35.5-05
1201,1225,3161,7,900.0,,,2022-01-03 20:38:35.5-05,2022-01-03 20:38:35.5-05
1202,1226,89,1,850.0,,,2022-01-03 20:38:35.5-05,2022-01-03 20:38:35.5-05
1203,1227,2447,4,1150.0,,,2022-01-03 20:38:35.5-05,2022-01-03 20:38:35.5-05
1204,1228,3816,1,350.0,,new,2022-01-03 20:38:35.5-05,2022-01-03 20:38:35.5-05
1205,1229,3821,1,150.0,,new,2022-01-03 20:38:35.5-05,2022-01-03 20:38:35.5-05
1206,1230,4194,1,315.0,,,2022-01-03 20:38:35.5-05,2022-01-03 20:38:35.5-05
1207,1231,2776,1,575.0,,,2022-01-03 20:38:35.5-05,2022-01-03 20:38:35.5-05
1208,1232,5552,1,1975.0,,,2022-01-03 20:38:35.5-05,2022-01-03 20:38:35.5-05
1209,1233,4194,1,185.0,,,2022-01-03 20:38:35.5-05,2022-01-03 20:38:35.5-05
1210,1234,5787,1,400.0,,,2022-01-03 20:38:35.5-05,2022-01-03 20:38:35.5-05
1211,1235,2056,1,2100.0,,,2022-01-03 20:38:35.5-05,2022-01-03 20:38:35.5-05
1212,1236,1324,10,1000.0,,,2022-01-03 20:38:35.5-05,2022-01-03 20:38:35.5-05
1213,1237,4023,1,4500.0,,new,2022-01-03 20:38:35.5-05,2022-01-03 20:38:35.5-05
1214,1238,4023,1,3500.0,,refurb,2022-01-03 20:38:35.5-05,2022-01-03 20:38:35.5-05
1215,1239,3810,1,200.0,,,2022-01-03 20:38:35.5-05,2022-01-03 20:38:35.5-05
1216,1240,1776,64,425.0,,,2022-01-03 20:38:35.5-05,2022-01-03 20:38:35.5-05
1217,1241,5155,1,5750.0,,,2022-01-03 20:38:35.5-05,2022-01-03 20:38:35.5-05
1218,1242,1832,1,190.0,,,2022-01-03 20:38:35.5-05,2022-01-03 20:38:35.5-05
1219,1243,1832,32,185.0,,,2022-01-03 20:38:35.5-05,2022-01-03 20:38:35.5-05
1220,1244,3344,1,1550.0,,,2022-01-03 20:38:35.5-05,2022-01-03 20:38:35.5-05
1221,1245,5165,1,3050.0,,,2022-01-03 20:38:35.5-05,2022-01-03 20:38:35.5-05
1222,1246,0,1,800.0,,,2022-01-03 20:38:35.5-05,2022-01-03 20:38:35.5-05
1223,1247,4315,4,75.0,,,2022-01-03 20:38:35.5-05,2022-01-03 20:38:35.5-05
1224,1248,1307,4,40.0,,,2022-01-03 20:38:35.5-05,2022-01-03 20:38:35.5-05
1225,1249,2587,3,375.0,,jamison Bone,2022-01-03 20:38:35.5-05,2022-01-03 20:38:35.5-05
1226,1250,4022,2,3250.0,,,2022-01-03 20:38:35.5-05,2022-01-03 20:38:35.5-05
1227,1251,0,2,350.0,,,2022-01-03 20:38:35.5-05,2022-01-03 20:38:35.5-05
1228,1252,4022,2,3250.0,,	,2022-01-03 20:38:35.5-05,2022-01-03 20:38:35.5-05
1229,1253,3792,1,1550.0,,,2022-01-03 20:38:35.5-05,2022-01-03 20:38:35.5-05
1230,1254,3374,1,1200.0,,,2022-01-03 20:38:35.5-05,2022-01-03 20:38:35.5-05
1231,1255,121,1,850.0,,,2022-01-03 20:38:35.5-05,2022-01-03 20:38:35.5-05
1232,1256,1747,10,400.0,,,2022-01-03 20:38:35.5-05,2022-01-03 20:38:35.5-05
1233,1257,5508,19,1100.0,,,2022-01-03 20:38:35.5-05,2022-01-03 20:38:35.5-05
1234,1258,0,6,875.0,,xbyte posted on eBay @ $1000.,2022-01-03 20:38:35.5-05,2022-01-03 20:38:35.5-05
1235,1259,2418,2,650.0,,,2022-01-03 20:38:35.5-05,2022-01-03 20:38:35.5-05
1236,1260,462,2,1400.0,,,2022-01-03 20:38:35.5-05,2022-01-03 20:38:35.5-05
1237,1261,2056,4,1950.0,,,2022-01-03 20:38:35.5-05,2022-01-03 20:38:35.5-05
1238,1262,0,10,200.0,,,2022-01-03 20:38:35.5-05,2022-01-03 20:38:35.5-05
1239,1263,5508,1,1000.0,,,2022-01-03 20:38:35.5-05,2022-01-03 20:38:35.5-05
1240,1264,2993,1,3250.0,,,2022-01-03 20:38:35.5-05,2022-01-03 20:38:35.5-05
1241,1265,0,1,2200.0,,,2022-01-03 20:38:35.5-05,2022-01-03 20:38:35.5-05
1242,1266,4540,1,215.0,,,2022-01-03 20:38:35.5-05,2022-01-03 20:38:35.5-05
1243,1267,0,1,40.0,,,2022-01-03 20:38:35.5-05,2022-01-03 20:38:35.5-05
1244,1268,4115,1,2700.0,,,2022-01-03 20:38:35.5-05,2022-01-03 20:38:35.5-05
1245,1269,3792,1,1550.0,,,2022-01-03 20:38:35.5-05,2022-01-03 20:38:35.5-05
1246,1270,1478,1,675.0,,,2022-01-03 20:38:35.5-05,2022-01-03 20:38:35.5-05
1247,1271,3328,2,95.0,,,2022-01-03 20:38:35.5-05,2022-01-03 20:38:35.5-05
1248,1272,3037,1,1300.0,,,2022-01-03 20:38:35.5-05,2022-01-03 20:38:35.5-05
1249,1273,3792,3,1550.0,,,2022-01-03 20:38:35.5-05,2022-01-03 20:38:35.5-05
1250,1274,5127,1,4250.0,,,2022-01-03 20:38:35.5-05,2022-01-03 20:38:35.5-05
1251,1275,5127,1,4500.0,,REF,2022-01-03 20:38:35.5-05,2022-01-03 20:38:35.5-05
1252,1276,5508,9,1000.0,,,2022-01-03 20:38:35.5-05,2022-01-03 20:38:35.5-05
1253,1277,4017,1,4000.0,,new,2022-01-03 20:38:35.5-05,2022-01-03 20:38:35.5-05
1254,1278,4017,1,3000.0,,ref,2022-01-03 20:38:35.5-05,2022-01-03 20:38:35.5-05
1255,1279,2776,6,295.0,,,2022-01-03 20:38:35.5-05,2022-01-03 20:38:35.5-05
1256,1280,5552,3,1975.0,,,2022-01-03 20:38:35.5-05,2022-01-03 20:38:35.5-05
1257,1281,5153,1,3500.0,,,2022-01-03 20:38:35.5-05,2022-01-03 20:38:35.5-05
1258,1282,2254,1,1550.0,,,2022-01-03 20:38:35.5-05,2022-01-03 20:38:35.5-05
1259,1283,2877,1,150.0,,,2022-01-03 20:38:35.5-05,2022-01-03 20:38:35.5-05
1260,1284,1774,15,115.0,,,2022-01-03 20:38:35.5-05,2022-01-03 20:38:35.5-05
1261,1285,121,2,900.0,,,2022-01-03 20:38:35.5-05,2022-01-03 20:38:35.5-05
1262,1286,2942,30,5050.0,,Listing @ $51xx on their site.  | Findng CPUs @ $4600 - $4800 on BB.  | 1 WEEK LEAD,2022-01-03 20:38:35.5-05,2022-01-03 20:38:35.5-05
1263,1287,3951,2,750.0,,,2022-01-03 20:38:35.5-05,2022-01-03 20:38:35.5-05
1264,1288,89,1,850.0,,,2022-01-03 20:38:35.5-05,2022-01-03 20:38:35.5-05
1265,1289,2344,2,100.0,,,2022-01-03 20:38:35.5-05,2022-01-03 20:38:35.5-05
1266,1290,4406,3,115.0,,,2022-01-03 20:38:35.5-05,2022-01-03 20:38:35.5-05
1267,1291,38,80,17.0,,,2022-01-03 20:38:35.5-05,2022-01-03 20:38:35.5-05
1268,1292,5579,1,3050.0,,,2022-01-03 20:38:35.5-05,2022-01-03 20:38:35.5-05
1269,1293,5569,2,340.0,,,2022-01-03 20:38:35.5-05,2022-01-03 20:38:35.5-05
1270,1294,1832,30,180.0,,,2022-01-03 20:38:35.5-05,2022-01-03 20:38:35.5-05
1271,1295,0,1,650.0,,,2022-01-03 20:38:35.5-05,2022-01-03 20:38:35.5-05
1272,1296,3792,2,1550.0,,,2022-01-03 20:38:35.5-05,2022-01-03 20:38:35.5-05
1273,1297,0,4,20.0,,,2022-01-03 20:38:35.5-05,2022-01-03 20:38:35.5-05
1274,1298,3792,2,1550.0,,,2022-01-03 20:38:35.5-05,2022-01-03 20:38:35.5-05
1275,1299,5508,2,1050.0,,,2022-01-03 20:38:35.5-05,2022-01-03 20:38:35.5-05
1276,1300,3378,4,2600.0,,,2022-01-03 20:38:35.5-05,2022-01-03 20:38:35.5-05
1277,1301,4023,4,3000.0,,refurb / used,2022-01-03 20:38:35.5-05,2022-01-03 20:38:35.5-05
1278,1302,5584,6,2050.0,,,2022-01-03 20:38:35.5-05,2022-01-03 20:38:35.5-05
1279,1303,5536,5,1200.0,,,2022-01-03 20:38:35.5-05,2022-01-03 20:38:35.5-05
1280,1304,1749,2,300.0,,,2022-01-03 20:38:35.5-05,2022-01-03 20:38:35.5-05
1281,1305,4682,8,150.0,,,2022-01-03 20:38:35.5-05,2022-01-03 20:38:35.5-05
1282,1306,1540,2,350.0,,,2022-01-03 20:38:35.5-05,2022-01-03 20:38:35.5-05
1283,1307,0,1,90.0,,,2022-01-03 20:38:35.5-05,2022-01-03 20:38:35.5-05
1284,1308,5504,2,2050.0,,,2022-01-03 20:38:35.5-05,2022-01-03 20:38:35.5-05
1285,1309,0,1,1250.0,,,2022-01-03 20:38:35.5-05,2022-01-03 20:38:35.5-05
1286,1310,5562,3,1525.0,,,2022-01-03 20:38:35.5-05,2022-01-03 20:38:35.5-05
1287,1311,4485,1,685.0,,,2022-01-03 20:38:35.5-05,2022-01-03 20:38:35.5-05
1288,1312,1612,1,1600.0,,,2022-01-03 20:38:35.5-05,2022-01-03 20:38:35.5-05
1289,1313,1122,8,100.0,,,2022-01-03 20:38:35.5-05,2022-01-03 20:38:35.5-05
1290,1314,2037,8,1075.0,,,2022-01-03 20:38:35.5-05,2022-01-03 20:38:35.5-05
1291,1315,2127,1,145.0,,,2022-01-03 20:38:35.5-05,2022-01-03 20:38:35.5-05
1292,1316,2562,1,4650.0,,,2022-01-03 20:38:35.5-05,2022-01-03 20:38:35.5-05
1293,1317,1307,17,45.0,,,2022-01-03 20:38:35.5-05,2022-01-03 20:38:35.5-05
1294,1318,4017,1,3000.0,,,2022-01-03 20:38:35.5-05,2022-01-03 20:38:35.5-05
1295,1319,5569,1,340.0,,,2022-01-03 20:38:35.5-05,2022-01-03 20:38:35.5-05
1296,1320,0,1,900.0,,,2022-01-03 20:38:35.5-05,2022-01-03 20:38:35.5-05
1297,1321,2942,12,6250.0,,,2022-01-03 20:38:35.5-05,2022-01-03 20:38:35.5-05
1298,1322,3791,2,525.0,,,2022-01-03 20:38:35.5-05,2022-01-03 20:38:35.5-05
1299,1323,0,1,3500.0,,new,2022-01-03 20:38:35.5-05,2022-01-03 20:38:35.5-05
1300,1324,2563,10,4650.0,,,2022-01-03 20:38:35.5-05,2022-01-03 20:38:35.5-05
1301,1325,0,3,40.0,,,2022-01-03 20:38:35.5-05,2022-01-03 20:38:35.5-05
1302,1326,5579,1,3050.0,,,2022-01-03 20:38:35.5-05,2022-01-03 20:38:35.5-05
1303,1327,5552,6,1925.0,,,2022-01-03 20:38:35.5-05,2022-01-03 20:38:35.5-05
1304,1328,3344,1,1550.0,,,2022-01-03 20:38:35.5-05,2022-01-03 20:38:35.5-05
1305,1329,2829,1,4250.0,,,2022-01-03 20:38:35.5-05,2022-01-03 20:38:35.5-05
1306,1330,5579,1,2800.0,,,2022-01-03 20:38:35.5-05,2022-01-03 20:38:35.5-05
1307,1331,3374,2,1200.0,,,2022-01-03 20:38:35.5-05,2022-01-03 20:38:35.5-05
1308,1332,5583,2,1950.0,,,2022-01-03 20:38:35.5-05,2022-01-03 20:38:35.5-05
